
<marc:record><marc:leader>00936nam a 200229Ia 45  </marc:leader>
<marc:controlfield tag="005">20200820153500.0</marc:controlfield>
<marc:controlfield tag="008">070621s2006    bl            000 0 por d</marc:controlfield><marc:datafield tag="040" ind1=" " ind2=" "><marc:subfield code="a">USP/SIBI</marc:subfield></marc:datafield><marc:datafield tag="041" ind1="0" ind2=" "><marc:subfield code="a">por</marc:subfield></marc:datafield><marc:datafield tag="044" ind1=" " ind2=" "><marc:subfield code="a">bl</marc:subfield></marc:datafield><marc:datafield tag="092" ind1="0" ind2=" "><marc:subfield code="a">869.935</marc:subfield></marc:datafield><marc:datafield tag="100" ind1="1" ind2=" "><marc:subfield code="a">Andrade, Mário de</marc:subfield><marc:subfield code="d">1893-1945</marc:subfield></marc:datafield><marc:datafield tag="245" ind1="1" ind2="0"><marc:subfield code="a">Seis contos</marc:subfield><marc:subfield code="c">Mário de Andrade; ilustrações de Babinski</marc:subfield></marc:datafield><marc:datafield tag="260" ind1=" " ind2=" "><marc:subfield code="a">Brasília</marc:subfield><marc:subfield code="b">Confraria dos Bibliófilos do Brasil</marc:subfield><marc:subfield code="c">2006</marc:subfield></marc:datafield><marc:datafield tag="300" ind1=" " ind2=" "><marc:subfield code="a">86, 22 p</marc:subfield><marc:subfield code="b">il. fots</marc:subfield><marc:subfield code="c">31 cm</marc:subfield></marc:datafield><marc:datafield tag="500" ind1=" " ind2=" "><marc:subfield code="a">Coletânea de contos do escritor paulista, ilustrado pelo artista polonês, naturalizado brasileiro, Maciej Antoni Babinski.</marc:subfield></marc:datafield><marc:datafield tag="590" ind1=" " ind2=" "><marc:subfield code="a">Exemplar não numerado, assinado pelo ilustrador e pelo editor. No miolo foi utilizado papel Chamois Bulk, 90 g (na Biblioteca do IEB).</marc:subfield></marc:datafield><marc:datafield tag="650" ind1=" " ind2="7"><marc:subfield code="a">LITERATURA BRASILEIRA</marc:subfield><marc:subfield code="2">larpcal</marc:subfield></marc:datafield><marc:datafield tag="650" ind1=" " ind2="7"><marc:subfield code="a">CONTO</marc:subfield><marc:subfield code="2">larpcal</marc:subfield></marc:datafield><marc:datafield tag="700" ind1="1" ind2=" "><marc:subfield code="a">Babinski, Maciej Antoni</marc:subfield><marc:subfield code="4">il</marc:subfield><marc:subfield code="d">1931-</marc:subfield></marc:datafield><marc:datafield tag="700" ind1="1" ind2=" "><marc:subfield code="a">Camargo, Carlos Augusto de Andrade</marc:subfield><marc:subfield code="4">text</marc:subfield></marc:datafield><marc:datafield tag="945" ind1=" " ind2=" "><marc:subfield code="a">L</marc:subfield><marc:subfield code="b">LIVRO</marc:subfield><marc:subfield code="c">01</marc:subfield></marc:datafield></marc:record>