
<marc:record><marc:leader>01473cam a2200337 a 45 0</marc:leader>
<marc:controlfield tag="005">$$a2006022113302</marc:controlfield>
<marc:controlfield tag="008">980625s1997    bl a     bc  s000 0ceng  </marc:controlfield><marc:datafield tag="010" ind1=" " ind2=" "><marc:subfield code="a">98831831</marc:subfield></marc:datafield><marc:datafield tag="035" ind1=" " ind2=" "><marc:subfield code="a">(OCoLC)ocm39361021</marc:subfield></marc:datafield><marc:datafield tag="040" ind1=" " ind2=" "><marc:subfield code="a">DLC</marc:subfield><marc:subfield code="c">DLC</marc:subfield></marc:datafield><marc:datafield tag="041" ind1="0" ind2=" "><marc:subfield code="a">eng</marc:subfield></marc:datafield><marc:datafield tag="042" ind1=" " ind2=" "><marc:subfield code="a">lcode</marc:subfield></marc:datafield><marc:datafield tag="043" ind1=" " ind2=" "><marc:subfield code="a">s-bl---</marc:subfield></marc:datafield><marc:datafield tag="044" ind1=" " ind2=" "><marc:subfield code="a">bl</marc:subfield></marc:datafield><marc:datafield tag="082" ind1="0" ind2="0"><marc:subfield code="a">730/.981/074753</marc:subfield><marc:subfield code="2">21</marc:subfield></marc:datafield><marc:datafield tag="092" ind1="0" ind2=" "><marc:subfield code="a">735.23</marc:subfield></marc:datafield><marc:datafield tag="110" ind1="2" ind2=" "><marc:subfield code="a">Banco Interamericano de Desenvolvimento</marc:subfield></marc:datafield><marc:datafield tag="245" ind1="1" ind2="0"><marc:subfield code="a">Brazilian sculpture</marc:subfield><marc:subfield code="b">an identity in profile = Escultura brasileira : perfil de uma identidade</marc:subfield><marc:subfield code="c">idealization and coordination, Élcior Ferreira de Santana Filho ; curator, Emanoel Araujo ; associate curator, Sérgio Pizoli ; texts, Mario de Andrade ... [et al.]</marc:subfield></marc:datafield><marc:datafield tag="246" ind1="3" ind2="1"><marc:subfield code="a">Escultura brasileira</marc:subfield><marc:subfield code="b">perfil de uma identidade</marc:subfield></marc:datafield><marc:datafield tag="260" ind1=" " ind2=" "><marc:subfield code="a">Washington</marc:subfield><marc:subfield code="b">Inter-American Development Bank</marc:subfield><marc:subfield code="c">1997</marc:subfield><marc:subfield code="a">São Paulo</marc:subfield><marc:subfield code="b">Banco Safra</marc:subfield></marc:datafield><marc:datafield tag="300" ind1=" " ind2=" "><marc:subfield code="a">207 p.</marc:subfield><marc:subfield code="b">il</marc:subfield></marc:datafield><marc:datafield tag="500" ind1=" " ind2=" "><marc:subfield code="a">Catálogo publicado por ocasião da exposição realizada de 17 de julho a 12 de setembro de 1997, IDB Cultural Center, Washington e de 13 de outubro a 12 de dezembro de 1997, Banco Safra, São Paulo</marc:subfield></marc:datafield><marc:datafield tag="504" ind1=" " ind2=" "><marc:subfield code="a">Bibliografia</marc:subfield></marc:datafield><marc:datafield tag="546" ind1=" " ind2=" "><marc:subfield code="a">Texto em português e inglês</marc:subfield></marc:datafield><marc:datafield tag="650" ind1=" " ind2="7"><marc:subfield code="a">ESCULTURA</marc:subfield><marc:subfield code="y">SÉCULO 20</marc:subfield><marc:subfield code="z">BRASIL</marc:subfield><marc:subfield code="2">larpcal</marc:subfield></marc:datafield><marc:datafield tag="700" ind1="1" ind2=" "><marc:subfield code="a">Santana Filho, Élcior Ferreira de</marc:subfield><marc:subfield code="4">ideal</marc:subfield><marc:subfield code="4">coord</marc:subfield></marc:datafield><marc:datafield tag="700" ind1="1" ind2=" "><marc:subfield code="a">Araújo, Emanoel</marc:subfield><marc:subfield code="d">1940-</marc:subfield><marc:subfield code="4">cur</marc:subfield></marc:datafield><marc:datafield tag="700" ind1="1" ind2=" "><marc:subfield code="a">Pizoli, Sérgio</marc:subfield><marc:subfield code="4">assis cur</marc:subfield></marc:datafield><marc:datafield tag="700" ind1="1" ind2=" "><marc:subfield code="a">Andrade, Mário de</marc:subfield><marc:subfield code="d">1893-1945</marc:subfield><marc:subfield code="4">texto</marc:subfield></marc:datafield><marc:datafield tag="710" ind1="2" ind2=" "><marc:subfield code="a">Banco Safra (São Paulo)</marc:subfield></marc:datafield><marc:datafield tag="945" ind1=" " ind2=" "><marc:subfield code="a">L</marc:subfield><marc:subfield code="b">LIVRO</marc:subfield><marc:subfield code="c">01</marc:subfield></marc:datafield></marc:record>