
<marc:record><marc:leader>00657nam a2200205Ia 4500</marc:leader>
<marc:controlfield tag="005">20180809152000.0</marc:controlfield>
<marc:controlfield tag="008">180809s1996    bl            000 0 por d</marc:controlfield><marc:datafield tag="020" ind1=" " ind2=" "><marc:subfield code="a">8521902018</marc:subfield></marc:datafield><marc:datafield tag="040" ind1=" " ind2=" "><marc:subfield code="a">USP/SIBI</marc:subfield></marc:datafield><marc:datafield tag="041" ind1="0" ind2=" "><marc:subfield code="a">por</marc:subfield></marc:datafield><marc:datafield tag="044" ind1=" " ind2=" "><marc:subfield code="a">bl</marc:subfield></marc:datafield><marc:datafield tag="100" ind1="1" ind2=" "><marc:subfield code="a">Andrade, Mário de</marc:subfield><marc:subfield code="d">1893-1945</marc:subfield></marc:datafield><marc:datafield tag="245" ind1="1" ind2="2"><marc:subfield code="a">O besouro e a rosa ; São Marcos ; A mulher que chegava às seis</marc:subfield><marc:subfield code="c">Mário de Andrade, Guimarães Rosa, Gabriel García Márquez</marc:subfield></marc:datafield><marc:datafield tag="260" ind1=" " ind2=" "><marc:subfield code="a">Rio de Janeiro</marc:subfield><marc:subfield code="b">Paz e Terra</marc:subfield><marc:subfield code="c">1996</marc:subfield></marc:datafield><marc:datafield tag="300" ind1=" " ind2=" "><marc:subfield code="a">80 p</marc:subfield><marc:subfield code="c">14 cm</marc:subfield></marc:datafield><marc:datafield tag="490" ind1="0" ind2=" "><marc:subfield code="a">Coleção Leitura</marc:subfield></marc:datafield><marc:datafield tag="650" ind1=" " ind2="7"><marc:subfield code="a">CONTO</marc:subfield><marc:subfield code="2">larpcal</marc:subfield></marc:datafield><marc:datafield tag="700" ind1="1" ind2=" "><marc:subfield code="a">Rosa, Guimarães</marc:subfield><marc:subfield code="d">1908-1967</marc:subfield></marc:datafield><marc:datafield tag="700" ind1="1" ind2=" "><marc:subfield code="a">Márquez, Gabriel García</marc:subfield><marc:subfield code="d">1927-2014</marc:subfield></marc:datafield><marc:datafield tag="945" ind1=" " ind2=" "><marc:subfield code="a">L</marc:subfield><marc:subfield code="b">LIVRO</marc:subfield><marc:subfield code="c">01</marc:subfield></marc:datafield></marc:record>