
<marc:record><marc:leader>00931naa a2200205Iar4500</marc:leader>
<marc:controlfield tag="005">20120113154200.0</marc:controlfield>
<marc:controlfield tag="008">970408s1996    bl            000 0 por d</marc:controlfield><marc:datafield tag="035" ind1=" " ind2=" "><marc:subfield code="z">1891806</marc:subfield></marc:datafield><marc:datafield tag="040" ind1=" " ind2=" "><marc:subfield code="a">USP/SIBi</marc:subfield></marc:datafield><marc:datafield tag="041" ind1="0" ind2=" "><marc:subfield code="a">por</marc:subfield></marc:datafield><marc:datafield tag="044" ind1=" " ind2=" "><marc:subfield code="a">bl</marc:subfield></marc:datafield><marc:datafield tag="100" ind1="1" ind2=" "><marc:subfield code="a">Calil, Carlos Augusto</marc:subfield><marc:subfield code="d">1951-</marc:subfield></marc:datafield><marc:datafield tag="245" ind1="1" ind2="0"><marc:subfield code="a">Uma temporada no paraiso</marc:subfield></marc:datafield><marc:datafield tag="260" ind1=" " ind2=" "><marc:subfield code="a">Rio de Janeiro</marc:subfield><marc:subfield code="b">Fundação Casa de Rui Barbosa</marc:subfield><marc:subfield code="c">1996</marc:subfield></marc:datafield><marc:datafield tag="300" ind1=" " ind2=" "><marc:subfield code="a">p.63-6</marc:subfield></marc:datafield><marc:datafield tag="650" ind1=" " ind2="7"><marc:subfield code="a">LITERATURA BRASILEIRA</marc:subfield><marc:subfield code="2">larpcal</marc:subfield></marc:datafield><marc:datafield tag="711" ind1="2" ind2=" "><marc:subfield code="a">Seminário Mario de Andrade e o Rio de Janeiro</marc:subfield><marc:subfield code="d">(1995</marc:subfield><marc:subfield code="c">Rio de Janeiro)</marc:subfield></marc:datafield><marc:datafield tag="856" ind1="4" ind2="1"><marc:subfield code="z">&quot;Clicar&quot; sobre o botão para acesso ao Curriculo Lattes de Carlos Augusto Machado Calil</marc:subfield><marc:subfield code="u">http://buscatextual.cnpq.br/buscatextual/visualizacv.do?id=K4746034T6#Livroscapitulos</marc:subfield><marc:subfield code="3">Currículo lattes</marc:subfield></marc:datafield><marc:datafield tag="945" ind1=" " ind2=" "><marc:subfield code="a">P</marc:subfield><marc:subfield code="b">TRABALHO DE EVENTO</marc:subfield><marc:subfield code="c">10</marc:subfield><marc:subfield code="j">1996</marc:subfield><marc:subfield code="l">NACIONAL</marc:subfield></marc:datafield><marc:datafield tag="946" ind1=" " ind2=" "><marc:subfield code="a">CALIL, CARLOS AUGUSTO MACHADO</marc:subfield><marc:subfield code="b">53372</marc:subfield><marc:subfield code="d">384704</marc:subfield><marc:subfield code="e">ECA</marc:subfield><marc:subfield code="f">ESC DE COMUNICAÇÕES E ARTES</marc:subfield><marc:subfield code="g">CTR</marc:subfield><marc:subfield code="h">CINEMA, RADIO E TELEVISAO</marc:subfield><marc:subfield code="i">RTP</marc:subfield><marc:subfield code="j">DOC A</marc:subfield><marc:subfield code="k">TESP</marc:subfield><marc:subfield code="l">005045</marc:subfield></marc:datafield></marc:record>