
<marc:record><marc:leader>00972nam a 200229Ia 45  </marc:leader>
<marc:controlfield tag="005">20110814014800.0</marc:controlfield>
<marc:controlfield tag="008">      s1994    bl            000 0 por d</marc:controlfield><marc:datafield tag="040" ind1=" " ind2=" "><marc:subfield code="a">USP/SIBI</marc:subfield></marc:datafield><marc:datafield tag="041" ind1="0" ind2=" "><marc:subfield code="a">por</marc:subfield></marc:datafield><marc:datafield tag="044" ind1=" " ind2=" "><marc:subfield code="a">bl</marc:subfield></marc:datafield><marc:datafield tag="092" ind1="0" ind2=" "><marc:subfield code="a">707.4</marc:subfield></marc:datafield><marc:datafield tag="110" ind1="2" ind2=" "><marc:subfield code="a">Universidade de São Paulo. Instituto de Estudos Brasileiros. Coleção Mário de Andrade</marc:subfield></marc:datafield><marc:datafield tag="245" ind1="1" ind2="0"><marc:subfield code="a">Centenário de nascimento</marc:subfield><marc:subfield code="b">Victor Brecheret (1894-1955)</marc:subfield><marc:subfield code="c">curadoria Marta Rossetti Batista; projeto museográfico Ana Paula F. Camargo Lima, Eliane Maria Paschoal da Silva; ampliações fotográficas Rômulo Fialdini</marc:subfield></marc:datafield><marc:datafield tag="260" ind1=" " ind2=" "><marc:subfield code="a">São Paulo</marc:subfield><marc:subfield code="b">IEB-USP</marc:subfield><marc:subfield code="c">1994</marc:subfield></marc:datafield><marc:datafield tag="300" ind1=" " ind2=" "><marc:subfield code="a">12 p.</marc:subfield><marc:subfield code="b">foto</marc:subfield><marc:subfield code="c">21 cm</marc:subfield></marc:datafield><marc:datafield tag="500" ind1=" " ind2=" "><marc:subfield code="a">Catálogo de exposição 06 de outubro a 23 de dezembro de 1994</marc:subfield></marc:datafield><marc:datafield tag="600" ind1="1" ind2="7"><marc:subfield code="a">Brecheret, Victor</marc:subfield><marc:subfield code="d">1894-1955</marc:subfield></marc:datafield><marc:datafield tag="700" ind1="1" ind2=" "><marc:subfield code="a">Batista, Marta Rossetti</marc:subfield><marc:subfield code="4">colab</marc:subfield></marc:datafield><marc:datafield tag="700" ind1="1" ind2=" "><marc:subfield code="a">Lima, Ana Paula F. Camargo</marc:subfield><marc:subfield code="4">colab</marc:subfield></marc:datafield><marc:datafield tag="700" ind1="1" ind2=" "><marc:subfield code="a">Silva, Eliane Maria Paschoal da</marc:subfield><marc:subfield code="4">colab</marc:subfield></marc:datafield><marc:datafield tag="700" ind1="1" ind2=" "><marc:subfield code="a">Fialdini, Rômulo</marc:subfield><marc:subfield code="4">fotog</marc:subfield></marc:datafield><marc:datafield tag="945" ind1=" " ind2=" "><marc:subfield code="a">L</marc:subfield><marc:subfield code="b">CATALOGO DE EXPOSICAO</marc:subfield><marc:subfield code="c">52</marc:subfield></marc:datafield></marc:record>