
<marc:record><marc:leader>00968nam a2200289Ia 450 </marc:leader>
<marc:controlfield tag="005">$$a1997090301173</marc:controlfield>
<marc:controlfield tag="008">950719s1993    it            000 1 ita d</marc:controlfield><marc:datafield tag="020" ind1=" " ind2=" "><marc:subfield code="a">8872270219</marc:subfield></marc:datafield><marc:datafield tag="035" ind1=" " ind2=" "><marc:subfield code="a">(OCoLC)ocm32843189</marc:subfield><marc:subfield code="z">906534173</marc:subfield></marc:datafield><marc:datafield tag="040" ind1=" " ind2=" "><marc:subfield code="a">LPU</marc:subfield><marc:subfield code="c">LPU</marc:subfield></marc:datafield><marc:datafield tag="041" ind1="0" ind2=" "><marc:subfield code="a">ita</marc:subfield></marc:datafield><marc:datafield tag="044" ind1=" " ind2=" "><marc:subfield code="a">it</marc:subfield></marc:datafield><marc:datafield tag="100" ind1="1" ind2=" "><marc:subfield code="a">Andrade, Mário de</marc:subfield><marc:subfield code="d">1893-1945</marc:subfield></marc:datafield><marc:datafield tag="242" ind1="1" ind2="0"><marc:subfield code="a">Primeiro de Maio</marc:subfield><marc:subfield code="b">e &quot;O poço&quot;</marc:subfield></marc:datafield><marc:datafield tag="245" ind1="1" ind2="0"><marc:subfield code="a">Primo maggio</marc:subfield><marc:subfield code="b">seguito da &quot;Il pozzo&quot;</marc:subfield><marc:subfield code="c">Mário de Andrade ; a cura di Andrea Ciacchi</marc:subfield></marc:datafield><marc:datafield tag="260" ind1=" " ind2=" "><marc:subfield code="a">Roma</marc:subfield><marc:subfield code="b">Biblioteca del Vascello</marc:subfield><marc:subfield code="c">1993</marc:subfield></marc:datafield><marc:datafield tag="300" ind1=" " ind2=" "><marc:subfield code="a">99 p</marc:subfield><marc:subfield code="c">17 cm</marc:subfield></marc:datafield><marc:datafield tag="440" ind1=" " ind2="0"><marc:subfield code="a">Frammenti. Nuova Serie</marc:subfield><marc:subfield code="v">v. 21</marc:subfield></marc:datafield><marc:datafield tag="500" ind1=" " ind2=" "><marc:subfield code="a">Tradução das obras &quot;Primeiro de maio&quot; e &quot;O poço&quot; (Vila Rica Editoras Reunidas 1983)</marc:subfield></marc:datafield><marc:datafield tag="501" ind1=" " ind2=" "><marc:subfield code="a">Seguito de Il pozzo</marc:subfield></marc:datafield><marc:datafield tag="546" ind1=" " ind2=" "><marc:subfield code="a">Italian and Portuguese</marc:subfield></marc:datafield><marc:datafield tag="546" ind1=" " ind2=" "><marc:subfield code="a">Edição bilíngue (italiano e português)</marc:subfield></marc:datafield><marc:datafield tag="650" ind1=" " ind2="7"><marc:subfield code="a">LITERATURA BRASILEIRA</marc:subfield><marc:subfield code="2">larpcal</marc:subfield></marc:datafield><marc:datafield tag="650" ind1=" " ind2="7"><marc:subfield code="a">ROMANCE</marc:subfield><marc:subfield code="2">larpcal</marc:subfield></marc:datafield><marc:datafield tag="700" ind1="1" ind2=" "><marc:subfield code="a">Ciacchi, Andrea</marc:subfield><marc:subfield code="4">ed</marc:subfield></marc:datafield><marc:datafield tag="740" ind1="3" ind2="2"><marc:subfield code="a">Il pozzo</marc:subfield></marc:datafield><marc:datafield tag="945" ind1=" " ind2=" "><marc:subfield code="a">L</marc:subfield><marc:subfield code="b">LIVRO</marc:subfield><marc:subfield code="c">01</marc:subfield></marc:datafield></marc:record>