
<marc:record><marc:leader>01537nam a2200349Ia 4500</marc:leader>
<marc:controlfield tag="005">20151118172500.0</marc:controlfield>
<marc:controlfield tag="008">940525s1993    bl ao   r     010 0 por d</marc:controlfield><marc:datafield tag="035" ind1=" " ind2=" "><marc:subfield code="z">905955810</marc:subfield></marc:datafield><marc:datafield tag="040" ind1=" " ind2=" "><marc:subfield code="a">USP/SIBI</marc:subfield></marc:datafield><marc:datafield tag="041" ind1="0" ind2=" "><marc:subfield code="a">por</marc:subfield></marc:datafield><marc:datafield tag="044" ind1=" " ind2=" "><marc:subfield code="a">bl</marc:subfield></marc:datafield><marc:datafield tag="092" ind1="0" ind2=" "><marc:subfield code="a">770.981</marc:subfield></marc:datafield><marc:datafield tag="100" ind1="1" ind2=" "><marc:subfield code="a">Andrade, Mário de</marc:subfield><marc:subfield code="d">1893-1945</marc:subfield></marc:datafield><marc:datafield tag="245" ind1="1" ind2="0"><marc:subfield code="a">Mário de Andrade</marc:subfield><marc:subfield code="b">fotógrafo e turista aprendiz</marc:subfield><marc:subfield code="c">[seleção de Ana Maria Paulino ... et al. ; apresentação de José E. Mindlin]</marc:subfield></marc:datafield><marc:datafield tag="260" ind1=" " ind2=" "><marc:subfield code="a">São Paulo</marc:subfield><marc:subfield code="b">Instituto de Estudos Brasileiros/USP</marc:subfield><marc:subfield code="c">1993</marc:subfield></marc:datafield><marc:datafield tag="300" ind1=" " ind2=" "><marc:subfield code="a">124 p.</marc:subfield><marc:subfield code="b">fots.</marc:subfield><marc:subfield code="c">31 cm</marc:subfield></marc:datafield><marc:datafield tag="500" ind1=" " ind2=" "><marc:subfield code="a">Obra patrocinada pelo Banco Safra e pela Vitae</marc:subfield></marc:datafield><marc:datafield tag="505" ind1="2" ind2=" "><marc:subfield code="a">As viagens e o fotógrafo / Telê Ancona Lopez -- Fotografia, uma arte para Mário / Ana Maria Paulino</marc:subfield></marc:datafield><marc:datafield tag="505" ind1="2" ind2=" "><marc:subfield code="a">Textos de Mário de Andrade extraídos de: O turista aprendiz. Ed. preparada por Telê Ancona Lopez. São Paulo : Duas cidades, 1976. -- Poesias completas. Ed. crítica de Diléia Zanotto Manfio. Belo Horizonte : Itatiaia; São Paulo : Edusp, 1987</marc:subfield></marc:datafield><marc:datafield tag="600" ind1="1" ind2="7"><marc:subfield code="a">Andrade, Mário de</marc:subfield><marc:subfield code="d">1893-1945</marc:subfield><marc:subfield code="2">larpcal</marc:subfield></marc:datafield><marc:datafield tag="650" ind1=" " ind2="7"><marc:subfield code="a">ARQUITETURA</marc:subfield><marc:subfield code="2">larpcal</marc:subfield></marc:datafield><marc:datafield tag="650" ind1=" " ind2="7"><marc:subfield code="a">FOTOGRAFIA</marc:subfield><marc:subfield code="z">BRASIL</marc:subfield><marc:subfield code="2">larpcal</marc:subfield></marc:datafield><marc:datafield tag="650" ind1=" " ind2="7"><marc:subfield code="a">LITERATURA BRASILEIRA (HISTÓRIA E CRÍTICA)</marc:subfield><marc:subfield code="2">larpcal</marc:subfield></marc:datafield><marc:datafield tag="656" ind1=" " ind2="7"><marc:subfield code="a">FOTÓGRAFOS</marc:subfield><marc:subfield code="z">BRASIL</marc:subfield><marc:subfield code="2">larpcal</marc:subfield></marc:datafield><marc:datafield tag="656" ind1=" " ind2="7"><marc:subfield code="a">FOTÓGRAFOS</marc:subfield><marc:subfield code="2">larpcal</marc:subfield></marc:datafield><marc:datafield tag="700" ind1="1" ind2=" "><marc:subfield code="a">Lopez, Telê Ancona</marc:subfield><marc:subfield code="4">sel</marc:subfield><marc:subfield code="4">text</marc:subfield></marc:datafield><marc:datafield tag="700" ind1="1" ind2=" "><marc:subfield code="a">Paulino, Ana Maria</marc:subfield><marc:subfield code="4">sel</marc:subfield><marc:subfield code="4">text</marc:subfield></marc:datafield><marc:datafield tag="700" ind1="1" ind2=" "><marc:subfield code="a">Mindlin, Diana</marc:subfield><marc:subfield code="4">sel</marc:subfield></marc:datafield><marc:datafield tag="700" ind1="1" ind2=" "><marc:subfield code="a">Martins, Regina</marc:subfield><marc:subfield code="4">sel</marc:subfield></marc:datafield><marc:datafield tag="700" ind1="1" ind2=" "><marc:subfield code="a">Gregório, Sérgio</marc:subfield><marc:subfield code="4">sel</marc:subfield></marc:datafield><marc:datafield tag="700" ind1="1" ind2=" "><marc:subfield code="a">Mindlin, José</marc:subfield><marc:subfield code="d">1914-</marc:subfield><marc:subfield code="4">apres</marc:subfield></marc:datafield><marc:datafield tag="945" ind1=" " ind2=" "><marc:subfield code="a">L</marc:subfield><marc:subfield code="b">LIVRO</marc:subfield><marc:subfield code="c">01</marc:subfield></marc:datafield></marc:record>