
<marc:record><marc:leader>01296aas a2200265Ia 4500</marc:leader>
<marc:controlfield tag="005">20190717095000.0</marc:controlfield>
<marc:controlfield tag="008">921116c19929999bl ar p             por d</marc:controlfield><marc:datafield tag="022" ind1=" " ind2=" "><marc:subfield code="a">0104-0863</marc:subfield></marc:datafield><marc:datafield tag="035" ind1=" " ind2=" "><marc:subfield code="z">0391098U</marc:subfield></marc:datafield><marc:datafield tag="040" ind1=" " ind2=" "><marc:subfield code="a">USP/SIBI</marc:subfield></marc:datafield><marc:datafield tag="041" ind1="0" ind2=" "><marc:subfield code="a">por</marc:subfield></marc:datafield><marc:datafield tag="044" ind1=" " ind2=" "><marc:subfield code="a">bl</marc:subfield></marc:datafield><marc:datafield tag="245" ind1="0" ind2="0"><marc:subfield code="a">Revista da Biblioteca Mário de Andrade</marc:subfield><marc:subfield code="c">Departamento de Bibliotecas Públicas ; Secretaria Municipal de Cultura ; Prefeitura do Município de São Paulo</marc:subfield></marc:datafield><marc:datafield tag="260" ind1=" " ind2=" "><marc:subfield code="a">São Paulo</marc:subfield><marc:subfield code="b">Biblioteca Mario de Andrade</marc:subfield><marc:subfield code="c">1992-</marc:subfield></marc:datafield><marc:datafield tag="310" ind1=" " ind2=" "><marc:subfield code="a">Anual</marc:subfield></marc:datafield><marc:datafield tag="362" ind1="0" ind2=" "><marc:subfield code="a">1992-</marc:subfield></marc:datafield><marc:datafield tag="590" ind1=" " ind2=" "><marc:subfield code="a">O v.51 (1993) da BBM possui anexos, ver dossiê n.2342</marc:subfield></marc:datafield><marc:datafield tag="590" ind1=" " ind2=" "><marc:subfield code="a">O v.52 (1994) da BBM possui anexos, ver dossiê n.2343</marc:subfield></marc:datafield><marc:datafield tag="590" ind1=" " ind2=" "><marc:subfield code="a">O v.54 (1996) da BBM possui anexos, ver dossiê n.2344</marc:subfield></marc:datafield><marc:datafield tag="650" ind1=" " ind2="7"><marc:subfield code="a">BIBLIOTECAS PÚBLICAS</marc:subfield><marc:subfield code="2">larpcal</marc:subfield></marc:datafield><marc:datafield tag="650" ind1=" " ind2="7"><marc:subfield code="a">LITERATURA BRASILEIRA</marc:subfield><marc:subfield code="2">larpcal</marc:subfield></marc:datafield><marc:datafield tag="710" ind1="2" ind2=" "><marc:subfield code="a">São Paulo (SP). Prefeitura do Município de São Paulo. Secretaria Municipal de Cultura</marc:subfield><marc:subfield code="b">Departamento de Bibliotecas Públicas. Biblioteca Mario de Andrade</marc:subfield></marc:datafield><marc:datafield tag="780" ind1="0" ind2="0"><marc:subfield code="t">Boletim bibliográfico. Biblioteca Mário de Andrade</marc:subfield><marc:subfield code="g">1(1),1943-49(1/4),1988</marc:subfield><marc:subfield code="x">0100-4948</marc:subfield></marc:datafield><marc:datafield tag="945" ind1=" " ind2=" "><marc:subfield code="a">S</marc:subfield><marc:subfield code="b">SERIADO</marc:subfield><marc:subfield code="c">S</marc:subfield><marc:subfield code="l">NACIONAL</marc:subfield><marc:subfield code="m">C</marc:subfield><marc:subfield code="o">P</marc:subfield><marc:subfield code="p">T</marc:subfield><marc:subfield code="q">S</marc:subfield><marc:subfield code="r">MC</marc:subfield><marc:subfield code="t">NEG</marc:subfield></marc:datafield><marc:datafield tag="947" ind1=" " ind2=" "><marc:subfield code="a">MAE</marc:subfield><marc:subfield code="b">1992 50; 1994 52; 2001 59; 2006 62; 2007 63; 2008 64; 2009 65; 2010 66; 2011 67; 2012 68</marc:subfield><marc:subfield code="c">ND</marc:subfield><marc:subfield code="d">2012</marc:subfield><marc:subfield code="f">000636-X</marc:subfield><marc:subfield code="z">CONFORME NORMAS CCN</marc:subfield></marc:datafield></marc:record>