
<marc:record><marc:leader>01036aam a2200277 a 450 </marc:leader>
<marc:controlfield tag="005">$$a1997052002212</marc:controlfield>
<marc:controlfield tag="008">921027s1991    bl       i    000 0 por  </marc:controlfield><marc:datafield tag="010" ind1=" " ind2=" "><marc:subfield code="a">92833192</marc:subfield></marc:datafield><marc:datafield tag="035" ind1=" " ind2=" "><marc:subfield code="a">(OCoLC)ocm27433441</marc:subfield><marc:subfield code="z">906061878</marc:subfield></marc:datafield><marc:datafield tag="040" ind1=" " ind2=" "><marc:subfield code="a">DLC</marc:subfield><marc:subfield code="c">DLC</marc:subfield></marc:datafield><marc:datafield tag="041" ind1="0" ind2=" "><marc:subfield code="a">por</marc:subfield></marc:datafield><marc:datafield tag="043" ind1=" " ind2=" "><marc:subfield code="a">s-bl---</marc:subfield></marc:datafield><marc:datafield tag="044" ind1=" " ind2=" "><marc:subfield code="a">bl</marc:subfield></marc:datafield><marc:datafield tag="050" ind1="0" ind2="0"><marc:subfield code="a">KHD8763.A472</marc:subfield><marc:subfield code="b">A53 1991</marc:subfield></marc:datafield><marc:datafield tag="100" ind1="0" ind2=" "><marc:subfield code="a">Andrade Frattini, Jurandyr de</marc:subfield></marc:datafield><marc:datafield tag="245" ind1="1" ind2="0"><marc:subfield code="a">Index Legis</marc:subfield><marc:subfield code="c">Jurandyr de Andrade Frattini, Mário Ithamar Montagnini</marc:subfield></marc:datafield><marc:datafield tag="260" ind1=" " ind2=" "><marc:subfield code="a">[São Paulo]</marc:subfield><marc:subfield code="b">Governo do Estado de São Paulo, Secretaria de Agricultura e Abastecimento</marc:subfield><marc:subfield code="c">1991</marc:subfield></marc:datafield><marc:datafield tag="300" ind1=" " ind2=" "><marc:subfield code="a">2 v. (1464 p.)</marc:subfield></marc:datafield><marc:datafield tag="650" ind1=" " ind2="0"><marc:subfield code="a">Agricultural laws and legislation</marc:subfield><marc:subfield code="z">Brazil</marc:subfield><marc:subfield code="z">São Paulo (State)</marc:subfield><marc:subfield code="x">Indexes</marc:subfield></marc:datafield><marc:datafield tag="650" ind1=" " ind2="7"><marc:subfield code="a">DIREITO AGRÁRIO</marc:subfield><marc:subfield code="2">larpcal</marc:subfield><marc:subfield code="z">SÃO PAULO</marc:subfield></marc:datafield><marc:datafield tag="650" ind1=" " ind2="7"><marc:subfield code="a">LEGISLAÇÃO AGRÁRIA</marc:subfield><marc:subfield code="2">larpcal</marc:subfield><marc:subfield code="z">SÃO PAULO</marc:subfield></marc:datafield><marc:datafield tag="700" ind1="1" ind2=" "><marc:subfield code="a">Ithamar Montagnini, Mário</marc:subfield></marc:datafield><marc:datafield tag="710" ind1="2" ind2=" "><marc:subfield code="a">São Paulo (Brazil : State)</marc:subfield><marc:subfield code="b">Secretaria de Agricultura e Abastecimento</marc:subfield></marc:datafield><marc:datafield tag="945" ind1=" " ind2=" "><marc:subfield code="a">L</marc:subfield><marc:subfield code="b">LIVRO</marc:subfield><marc:subfield code="c">01</marc:subfield></marc:datafield><marc:datafield tag="949" ind1=" " ind2=" "><marc:subfield code="t">100</marc:subfield><marc:subfield code="a">Frattini, Jurandyr De Andrade</marc:subfield></marc:datafield><marc:datafield tag="949" ind1=" " ind2=" "><marc:subfield code="t">100</marc:subfield><marc:subfield code="g">Montagnini, Mario Ithamar</marc:subfield></marc:datafield></marc:record>