
<marc:record><marc:leader>00699nam a2200181Ia 4500</marc:leader>
<marc:controlfield tag="005">20150506165000.0</marc:controlfield>
<marc:controlfield tag="008">901024s1989    bl            000 0 por d</marc:controlfield><marc:datafield tag="035" ind1=" " ind2=" "><marc:subfield code="z">0700552</marc:subfield></marc:datafield><marc:datafield tag="040" ind1=" " ind2=" "><marc:subfield code="a">USP/SIBi</marc:subfield></marc:datafield><marc:datafield tag="041" ind1="0" ind2=" "><marc:subfield code="a">por</marc:subfield></marc:datafield><marc:datafield tag="044" ind1=" " ind2=" "><marc:subfield code="a">bl</marc:subfield></marc:datafield><marc:datafield tag="100" ind1="1" ind2=" "><marc:subfield code="a">Lopez, Therezinha Apparecida Porto Ancona</marc:subfield></marc:datafield><marc:datafield tag="245" ind1="1" ind2="0"><marc:subfield code="a">O poço e outras histórias</marc:subfield><marc:subfield code="c">Mário de Andrade ; revisão de texto e notas de Tele Porto Ancona Lopez</marc:subfield></marc:datafield><marc:datafield tag="260" ind1=" " ind2=" "><marc:subfield code="a">São Paulo</marc:subfield><marc:subfield code="b">Ática</marc:subfield><marc:subfield code="c">1989</marc:subfield></marc:datafield><marc:datafield tag="300" ind1=" " ind2=" "><marc:subfield code="a">80 p</marc:subfield></marc:datafield><marc:datafield tag="650" ind1=" " ind2="7"><marc:subfield code="a">CONTO</marc:subfield><marc:subfield code="z">BRASIL</marc:subfield><marc:subfield code="2">larpcal</marc:subfield></marc:datafield><marc:datafield tag="945" ind1=" " ind2=" "><marc:subfield code="a">P</marc:subfield><marc:subfield code="b">MONOGRAFIA/LIVRO</marc:subfield><marc:subfield code="c">06</marc:subfield><marc:subfield code="j">1989</marc:subfield><marc:subfield code="l">NACIONAL</marc:subfield></marc:datafield><marc:datafield tag="946" ind1=" " ind2=" "><marc:subfield code="a">LOPEZ, THEREZINHA APPARECIDA PORTO ANCONA</marc:subfield><marc:subfield code="b">21139</marc:subfield><marc:subfield code="d">061166</marc:subfield><marc:subfield code="e">IEB</marc:subfield><marc:subfield code="f">INST DE ESTUDOS BRASILEIROS</marc:subfield><marc:subfield code="g">FLC</marc:subfield><marc:subfield code="h">LETRAS CLASSICAS E VERNACULAS</marc:subfield><marc:subfield code="i">RDIDP</marc:subfield><marc:subfield code="j">DOC A</marc:subfield><marc:subfield code="k">MS3</marc:subfield><marc:subfield code="l">002968</marc:subfield></marc:datafield></marc:record>