
<marc:record><marc:leader>01903nam a2200469Ia 4500</marc:leader>
<marc:controlfield tag="005">20200427204400.0</marc:controlfield>
<marc:controlfield tag="008">861226s1981    bl            000 0 por d</marc:controlfield><marc:datafield tag="035" ind1=" " ind2=" "><marc:subfield code="z">900959174</marc:subfield></marc:datafield><marc:datafield tag="040" ind1=" " ind2=" "><marc:subfield code="a">USP/SIBI</marc:subfield></marc:datafield><marc:datafield tag="041" ind1="0" ind2=" "><marc:subfield code="a">por</marc:subfield></marc:datafield><marc:datafield tag="044" ind1=" " ind2=" "><marc:subfield code="a">bl</marc:subfield></marc:datafield><marc:datafield tag="092" ind1="0" ind2=" "><marc:subfield code="a">869.985</marc:subfield></marc:datafield><marc:datafield tag="245" ind1="0" ind2="0"><marc:subfield code="a">Viver e escrever</marc:subfield><marc:subfield code="c">compilado por Edla van Steen</marc:subfield></marc:datafield><marc:datafield tag="260" ind1=" " ind2=" "><marc:subfield code="a">Porto Alegre</marc:subfield><marc:subfield code="b">L&amp;PM</marc:subfield><marc:subfield code="c">1981-1982</marc:subfield></marc:datafield><marc:datafield tag="300" ind1=" " ind2=" "><marc:subfield code="a">2.v</marc:subfield><marc:subfield code="c">20,5 x 13,5 cm</marc:subfield></marc:datafield><marc:datafield tag="490" ind1="0" ind2=" "><marc:subfield code="a">Viver e escrever</marc:subfield></marc:datafield><marc:datafield tag="590" ind1=" " ind2=" "><marc:subfield code="a">Exemplar 1 da BBM era da Biblioteca Particular de Zila Mamede.</marc:subfield></marc:datafield><marc:datafield tag="590" ind1=" " ind2=" "><marc:subfield code="a">Na Biblioteca da FFLCH, o v. 1, e. 2, v. 2, e. 1 pertence a Coleção António Cândido.</marc:subfield></marc:datafield><marc:datafield tag="505" ind1="0" ind2=" "><marc:subfield code="a">Adonias Filho ; Autran Dourado ; Fernando Sabino ; Geraldo Ferraz ; Ignácio de Loyola Brandão ; Ivan Ângelo ; João Antônio ; João Cabral de Melo Neto ; Jorge Andrade ; Lêdo Ivo ; Lygia Fagundes Telles ; Mario Quintana ; Moacyr Scliar ; Origenes Lessa ; Osman Lins ; Plinio Marcos ; Rachel de Queiroz ; Ricardo Ramos.</marc:subfield></marc:datafield><marc:datafield tag="650" ind1=" " ind2="7"><marc:subfield code="a">LITERATURA BRASILEIRA</marc:subfield><marc:subfield code="2">larpcal</marc:subfield></marc:datafield><marc:datafield tag="650" ind1=" " ind2="7"><marc:subfield code="a">POLIGRAFIA</marc:subfield><marc:subfield code="z">BRASIL</marc:subfield><marc:subfield code="2">larpcal</marc:subfield></marc:datafield><marc:datafield tag="650" ind1=" " ind2="7"><marc:subfield code="a">DEPOIMENTO</marc:subfield><marc:subfield code="2">larpcal</marc:subfield></marc:datafield><marc:datafield tag="700" ind1="1" ind2=" "><marc:subfield code="a">Steen, Edla van</marc:subfield><marc:subfield code="d">1936-2018</marc:subfield></marc:datafield><marc:datafield tag="700" ind1="1" ind2=" "><marc:subfield code="a">Adonias Filho</marc:subfield><marc:subfield code="d">1915-1990</marc:subfield></marc:datafield><marc:datafield tag="700" ind1="1" ind2=" "><marc:subfield code="a">Dourado, Autran</marc:subfield><marc:subfield code="d">1926-2012</marc:subfield></marc:datafield><marc:datafield tag="700" ind1="1" ind2=" "><marc:subfield code="a">Sabino, Fernando</marc:subfield><marc:subfield code="d">1923-2004</marc:subfield></marc:datafield><marc:datafield tag="700" ind1="1" ind2=" "><marc:subfield code="a">Ferraz, Geraldo</marc:subfield><marc:subfield code="d">1905-1979</marc:subfield></marc:datafield><marc:datafield tag="700" ind1="1" ind2=" "><marc:subfield code="a">Brandão, Inácio de Loyola</marc:subfield><marc:subfield code="d">1936-</marc:subfield></marc:datafield><marc:datafield tag="700" ind1="1" ind2=" "><marc:subfield code="a">Angelo, Ivan</marc:subfield><marc:subfield code="d">1936-</marc:subfield></marc:datafield><marc:datafield tag="700" ind1="1" ind2=" "><marc:subfield code="a">Antônio, João</marc:subfield><marc:subfield code="d">1937-1996</marc:subfield></marc:datafield><marc:datafield tag="700" ind1="1" ind2=" "><marc:subfield code="a">Melo Neto, João Cabral de</marc:subfield><marc:subfield code="d">1920-1999</marc:subfield></marc:datafield><marc:datafield tag="700" ind1="1" ind2=" "><marc:subfield code="a">Andrade, Jorge</marc:subfield><marc:subfield code="d">1922-1984</marc:subfield></marc:datafield><marc:datafield tag="700" ind1="1" ind2=" "><marc:subfield code="a">Ivo, Lêdo</marc:subfield><marc:subfield code="d">1924-2012</marc:subfield></marc:datafield><marc:datafield tag="700" ind1="1" ind2=" "><marc:subfield code="a">Telles, Lygia Fagundes</marc:subfield><marc:subfield code="d">1923-</marc:subfield></marc:datafield><marc:datafield tag="700" ind1="1" ind2=" "><marc:subfield code="a">Quintana, Mário</marc:subfield><marc:subfield code="d">1906-1994</marc:subfield></marc:datafield><marc:datafield tag="700" ind1="1" ind2=" "><marc:subfield code="a">Scliar, Moacyr</marc:subfield><marc:subfield code="d">1937-2011</marc:subfield></marc:datafield><marc:datafield tag="700" ind1="1" ind2=" "><marc:subfield code="a">Lessa, Orígenes</marc:subfield><marc:subfield code="d">1903-1986</marc:subfield></marc:datafield><marc:datafield tag="700" ind1="1" ind2=" "><marc:subfield code="a">Lins, Osman</marc:subfield><marc:subfield code="d">1924-1978</marc:subfield></marc:datafield><marc:datafield tag="700" ind1="1" ind2=" "><marc:subfield code="a">Marcos, Plinio</marc:subfield><marc:subfield code="d">1935-1999</marc:subfield></marc:datafield><marc:datafield tag="700" ind1="1" ind2=" "><marc:subfield code="a">Queiroz, Rachel de</marc:subfield><marc:subfield code="d">1910-2003</marc:subfield></marc:datafield><marc:datafield tag="700" ind1="1" ind2=" "><marc:subfield code="a">Ramos, Ricardo</marc:subfield><marc:subfield code="d">1929-1992</marc:subfield></marc:datafield><marc:datafield tag="945" ind1=" " ind2=" "><marc:subfield code="a">L</marc:subfield><marc:subfield code="b">LIVRO</marc:subfield><marc:subfield code="c">01</marc:subfield></marc:datafield></marc:record>