
<marc:record><marc:leader>00641nam a2200217Ia 4500</marc:leader>
<marc:controlfield tag="005">20151118182600.0</marc:controlfield>
<marc:controlfield tag="008">111021s1980    fr            000 0 fre d</marc:controlfield><marc:datafield tag="020" ind1=" " ind2=" "><marc:subfield code="a">2707111716</marc:subfield></marc:datafield><marc:datafield tag="040" ind1=" " ind2=" "><marc:subfield code="a">USP/SIBI</marc:subfield></marc:datafield><marc:datafield tag="041" ind1="0" ind2=" "><marc:subfield code="a">fre</marc:subfield></marc:datafield><marc:datafield tag="044" ind1=" " ind2=" "><marc:subfield code="a">fr</marc:subfield></marc:datafield><marc:datafield tag="092" ind1="0" ind2=" "><marc:subfield code="a">320.96</marc:subfield></marc:datafield><marc:datafield tag="100" ind1="1" ind2=" "><marc:subfield code="a">Cabral, Amílcar</marc:subfield><marc:subfield code="d">1924-1973</marc:subfield></marc:datafield><marc:datafield tag="245" ind1="1" ind2="0"><marc:subfield code="a">Unité et lutte</marc:subfield><marc:subfield code="c">Amilcar Cabral</marc:subfield></marc:datafield><marc:datafield tag="260" ind1=" " ind2=" "><marc:subfield code="a">Paris</marc:subfield><marc:subfield code="b">François Maspero</marc:subfield><marc:subfield code="c">1980</marc:subfield></marc:datafield><marc:datafield tag="300" ind1=" " ind2=" "><marc:subfield code="a">329 p</marc:subfield><marc:subfield code="c">18 cm</marc:subfield></marc:datafield><marc:datafield tag="490" ind1="0" ind2=" "><marc:subfield code="a">PCM/ Petit Collection Maspero</marc:subfield><marc:subfield code="v">v. 241</marc:subfield></marc:datafield><marc:datafield tag="650" ind1=" " ind2="7"><marc:subfield code="a">POLÍTICA E GOVERNO</marc:subfield><marc:subfield code="z">GUINÉ-BISSAU;CABO VERDE</marc:subfield><marc:subfield code="2">larpcal</marc:subfield></marc:datafield><marc:datafield tag="656" ind1=" " ind2="7"><marc:subfield code="a">POLÍTICOS</marc:subfield><marc:subfield code="z">ÁFRICA</marc:subfield><marc:subfield code="2">larpcal</marc:subfield></marc:datafield><marc:datafield tag="700" ind1="1" ind2=" "><marc:subfield code="a">Andrade, Mário de</marc:subfield><marc:subfield code="d">1893-1945</marc:subfield><marc:subfield code="4">intr</marc:subfield></marc:datafield><marc:datafield tag="945" ind1=" " ind2=" "><marc:subfield code="a">L</marc:subfield><marc:subfield code="b">LIVRO</marc:subfield><marc:subfield code="c">01</marc:subfield></marc:datafield></marc:record>