
<marc:record><marc:leader>00930nam a2200241Ii 450 </marc:leader>
<marc:controlfield tag="005">$$a1997090220433</marc:controlfield>
<marc:controlfield tag="008">800401s1979    xx            000 0 spa d</marc:controlfield><marc:datafield tag="035" ind1=" " ind2=" "><marc:subfield code="a">(OCoLC)ocm06153370</marc:subfield><marc:subfield code="z">905367674</marc:subfield></marc:datafield><marc:datafield tag="040" ind1=" " ind2=" "><marc:subfield code="a">OSU</marc:subfield><marc:subfield code="c">OSU</marc:subfield></marc:datafield><marc:datafield tag="041" ind1="0" ind2=" "><marc:subfield code="a">spa</marc:subfield></marc:datafield><marc:datafield tag="044" ind1=" " ind2=" "><marc:subfield code="a">ag</marc:subfield></marc:datafield><marc:datafield tag="090" ind1=" " ind2=" "><marc:subfield code="a">PQ9697.A72</marc:subfield><marc:subfield code="b">B38 1979</marc:subfield></marc:datafield><marc:datafield tag="100" ind1="1" ind2=" "><marc:subfield code="a">Andrade, Mário de</marc:subfield><marc:subfield code="d">1893-1945</marc:subfield></marc:datafield><marc:datafield tag="245" ind1="1" ind2="3"><marc:subfield code="a">El paulista de la calle Florida</marc:subfield><marc:subfield code="c">Mário de Andrade ; edición organizada y traducida por Raúl Antelo</marc:subfield></marc:datafield><marc:datafield tag="260" ind1=" " ind2=" "><marc:subfield code="a">Buenos Aires</marc:subfield><marc:subfield code="b">Centro de Estudos Brasileños</marc:subfield><marc:subfield code="c">1979</marc:subfield></marc:datafield><marc:datafield tag="300" ind1=" " ind2=" "><marc:subfield code="a">145 p</marc:subfield><marc:subfield code="b">ill</marc:subfield><marc:subfield code="c">20 cm</marc:subfield></marc:datafield><marc:datafield tag="490" ind1="0" ind2=" "><marc:subfield code="a">Colección Iracema</marc:subfield></marc:datafield><marc:datafield tag="504" ind1=" " ind2=" "><marc:subfield code="a">Inclui bibliografia</marc:subfield></marc:datafield><marc:datafield tag="590" ind1=" " ind2=" "><marc:subfield code="a">No e.1 da BBM, há um cartão e uma carta de Maria Julieta Drummond de Andrade, dois folhetos do Centro de Estudios Brasileños e outros anexos, ver dossiê n.22</marc:subfield></marc:datafield><marc:datafield tag="650" ind1=" " ind2="7"><marc:subfield code="a">CRÔNICA LITERÁRIA</marc:subfield><marc:subfield code="2">larpcal</marc:subfield></marc:datafield><marc:datafield tag="650" ind1=" " ind2="7"><marc:subfield code="a">LITERATURA BRASILEIRA</marc:subfield><marc:subfield code="2">larpcal</marc:subfield></marc:datafield><marc:datafield tag="700" ind1="1" ind2=" "><marc:subfield code="a">Antelo, Raúl</marc:subfield><marc:subfield code="4">org</marc:subfield><marc:subfield code="4">trad</marc:subfield></marc:datafield><marc:datafield tag="945" ind1=" " ind2=" "><marc:subfield code="a">L</marc:subfield><marc:subfield code="b">LIVRO</marc:subfield><marc:subfield code="c">01</marc:subfield></marc:datafield></marc:record>