
<marc:record><marc:leader>01025nam a2200265Ii 450 </marc:leader>
<marc:controlfield tag="005">$$a1997052003072</marc:controlfield>
<marc:controlfield tag="008">800619s1979    pe a          000 0 spa d</marc:controlfield><marc:datafield tag="035" ind1=" " ind2=" "><marc:subfield code="a">(OCoLC)ocm06439544</marc:subfield><marc:subfield code="z">906487031</marc:subfield></marc:datafield><marc:datafield tag="040" ind1=" " ind2=" "><marc:subfield code="a">LRU</marc:subfield><marc:subfield code="c">LRU</marc:subfield></marc:datafield><marc:datafield tag="041" ind1="0" ind2=" "><marc:subfield code="a">spa</marc:subfield></marc:datafield><marc:datafield tag="044" ind1=" " ind2=" "><marc:subfield code="a">pe</marc:subfield></marc:datafield><marc:datafield tag="090" ind1=" " ind2=" "><marc:subfield code="a">PQ9697.A72</marc:subfield><marc:subfield code="b">A57 1979</marc:subfield></marc:datafield><marc:datafield tag="100" ind1="1" ind2=" "><marc:subfield code="a">Andrade, Mário de</marc:subfield><marc:subfield code="d">1893-1945</marc:subfield></marc:datafield><marc:datafield tag="245" ind1="1" ind2="0"><marc:subfield code="a">Tres modernistas brasileños</marc:subfield><marc:subfield code="c">Mário, Oswald, Cassiano ; prólogo y traducción de Javier Sologuren ; selección y notas de Hilda Scarabôtolo de Codina</marc:subfield></marc:datafield><marc:datafield tag="260" ind1=" " ind2=" "><marc:subfield code="a">Lima</marc:subfield><marc:subfield code="b">Centro de Estudios Brasileños</marc:subfield><marc:subfield code="c">[1979]</marc:subfield></marc:datafield><marc:datafield tag="300" ind1=" " ind2=" "><marc:subfield code="a">105 p.</marc:subfield><marc:subfield code="b">ill.</marc:subfield><marc:subfield code="c">20 cm</marc:subfield></marc:datafield><marc:datafield tag="500" ind1=" " ind2=" "><marc:subfield code="a">Portuguese text and Spanish translation on opposite pages; introduction and notes in Spanish</marc:subfield></marc:datafield><marc:datafield tag="650" ind1=" " ind2="7"><marc:subfield code="a">MODERNISMO (LITERATURA)</marc:subfield><marc:subfield code="2">larpcal</marc:subfield></marc:datafield><marc:datafield tag="700" ind1="1" ind2=" "><marc:subfield code="a">Andrade, Oswald de</marc:subfield><marc:subfield code="d">1890-1954</marc:subfield></marc:datafield><marc:datafield tag="700" ind1="1" ind2=" "><marc:subfield code="a">Ricardo, Cassiano</marc:subfield><marc:subfield code="d">1895-1974</marc:subfield></marc:datafield><marc:datafield tag="700" ind1="1" ind2=" "><marc:subfield code="a">Sologuren, Javier</marc:subfield></marc:datafield><marc:datafield tag="700" ind1="1" ind2=" "><marc:subfield code="a">Codina, Hilda Scarabôtolo de</marc:subfield></marc:datafield><marc:datafield tag="945" ind1=" " ind2=" "><marc:subfield code="a">L</marc:subfield><marc:subfield code="b">LIVRO</marc:subfield><marc:subfield code="c">01</marc:subfield></marc:datafield><marc:datafield tag="949" ind1=" " ind2=" "><marc:subfield code="t">100</marc:subfield><marc:subfield code="g">Soluguren, Javier</marc:subfield><marc:subfield code="e">Trad</marc:subfield></marc:datafield><marc:datafield tag="949" ind1=" " ind2=" "><marc:subfield code="t">100</marc:subfield><marc:subfield code="h">Codina, Hilda Scarabotolo De</marc:subfield><marc:subfield code="e">Sel</marc:subfield></marc:datafield></marc:record>