
<marc:record><marc:leader>01064cam a2200289La 4500</marc:leader>
<marc:controlfield tag="005">20101029080701.0</marc:controlfield>
<marc:controlfield tag="008">890613s1978    bl            000 0dpor d</marc:controlfield><marc:datafield tag="035" ind1=" " ind2=" "><marc:subfield code="a">(OCoLC)78947109</marc:subfield></marc:datafield><marc:datafield tag="040" ind1=" " ind2=" "><marc:subfield code="a">NNU</marc:subfield><marc:subfield code="c">ZYU</marc:subfield><marc:subfield code="d">OCLCG</marc:subfield></marc:datafield><marc:datafield tag="041" ind1="0" ind2=" "><marc:subfield code="a">por</marc:subfield></marc:datafield><marc:datafield tag="043" ind1=" " ind2=" "><marc:subfield code="a">s-bl---</marc:subfield></marc:datafield><marc:datafield tag="044" ind1=" " ind2=" "><marc:subfield code="a">bl</marc:subfield></marc:datafield><marc:datafield tag="092" ind1="0" ind2=" "><marc:subfield code="a">869.93092</marc:subfield></marc:datafield><marc:datafield tag="100" ind1="1" ind2=" "><marc:subfield code="a">Nunes, Cassiano</marc:subfield></marc:datafield><marc:datafield tag="245" ind1="1" ind2="0"><marc:subfield code="a">Monteiro Lobato hoje</marc:subfield><marc:subfield code="c">Cassiano Nunes</marc:subfield></marc:datafield><marc:datafield tag="260" ind1=" " ind2=" "><marc:subfield code="a">São Paulo</marc:subfield><marc:subfield code="b">Biblioteca Mário de Andrade</marc:subfield><marc:subfield code="c">[1978]</marc:subfield></marc:datafield><marc:datafield tag="300" ind1=" " ind2=" "><marc:subfield code="a">p. 31-48</marc:subfield><marc:subfield code="c">25 cm</marc:subfield></marc:datafield><marc:datafield tag="500" ind1=" " ind2=" "><marc:subfield code="a">&quot;Separata do Boletim bibiográfico 39, Biblioteca Mário de Andrade Janeiro-Junho 1978, São Paulo&quot;</marc:subfield></marc:datafield><marc:datafield tag="500" ind1=" " ind2=" "><marc:subfield code="a">Cover title</marc:subfield></marc:datafield><marc:datafield tag="590" ind1=" " ind2=" "><marc:subfield code="a">Na Biblioteca da FFLCH, o MAT.ESP. 1213 pertence à Coleção Antonio Candido</marc:subfield></marc:datafield><marc:datafield tag="600" ind1="1" ind2="0"><marc:subfield code="a">Lobato, José Bento Monteiro</marc:subfield><marc:subfield code="d">1882-1948</marc:subfield></marc:datafield><marc:datafield tag="650" ind1=" " ind2="0"><marc:subfield code="a">Authors, Brazilian</marc:subfield><marc:subfield code="y">20th century</marc:subfield></marc:datafield><marc:datafield tag="650" ind1=" " ind2="7"><marc:subfield code="a">CRÍTICA LITERÁRIA</marc:subfield><marc:subfield code="2">larpcal</marc:subfield></marc:datafield><marc:datafield tag="650" ind1=" " ind2="7"><marc:subfield code="a">LITERATURA BRASILEIRA (CRÍTICA E INTERPRETAÇÃO)</marc:subfield><marc:subfield code="2">larpcal</marc:subfield></marc:datafield><marc:datafield tag="710" ind1="2" ind2=" "><marc:subfield code="a">Biblioteca Municipal Mário de Andrade</marc:subfield></marc:datafield><marc:datafield tag="730" ind1="0" ind2=" "><marc:subfield code="a">Boletim bibliográfico (Biblioteca Mário de Andrade)</marc:subfield></marc:datafield><marc:datafield tag="945" ind1=" " ind2=" "><marc:subfield code="a">L</marc:subfield><marc:subfield code="b">SEPARATA</marc:subfield><marc:subfield code="c">02</marc:subfield></marc:datafield></marc:record>