
<marc:record><marc:leader>00825nam a2200253I  450 </marc:leader>
<marc:controlfield tag="005">$$a1997050616323</marc:controlfield>
<marc:controlfield tag="008">780502s1972    bl            000 1 por  </marc:controlfield><marc:datafield tag="010" ind1=" " ind2=" "><marc:subfield code="a">72215050</marc:subfield></marc:datafield><marc:datafield tag="035" ind1=" " ind2=" "><marc:subfield code="a">(OCoLC)ocm03855433</marc:subfield><marc:subfield code="z">900856932</marc:subfield></marc:datafield><marc:datafield tag="040" ind1=" " ind2=" "><marc:subfield code="a">DLC</marc:subfield><marc:subfield code="c">TJC</marc:subfield></marc:datafield><marc:datafield tag="041" ind1="0" ind2=" "><marc:subfield code="a">por</marc:subfield></marc:datafield><marc:datafield tag="044" ind1=" " ind2=" "><marc:subfield code="a">bl</marc:subfield></marc:datafield><marc:datafield tag="050" ind1="0" ind2=" "><marc:subfield code="a">PQ9697.A72</marc:subfield><marc:subfield code="b">M3 1972</marc:subfield></marc:datafield><marc:datafield tag="100" ind1="1" ind2=" "><marc:subfield code="a">Andrade, Mário de</marc:subfield><marc:subfield code="d">1893-1945</marc:subfield></marc:datafield><marc:datafield tag="245" ind1="1" ind2="0"><marc:subfield code="a">Macunaíma (o herói sem nenhum caráter)</marc:subfield></marc:datafield><marc:datafield tag="250" ind1=" " ind2=" "><marc:subfield code="a">(7. ed.)</marc:subfield></marc:datafield><marc:datafield tag="260" ind1=" " ind2=" "><marc:subfield code="a">[São Paulo]</marc:subfield><marc:subfield code="b">Martins</marc:subfield><marc:subfield code="c">[1972]</marc:subfield></marc:datafield><marc:datafield tag="300" ind1=" " ind2=" "><marc:subfield code="a">222 p</marc:subfield><marc:subfield code="c">21 cm</marc:subfield></marc:datafield><marc:datafield tag="490" ind1="1" ind2=" "><marc:subfield code="a">His Obras completas</marc:subfield><marc:subfield code="v">4</marc:subfield></marc:datafield><marc:datafield tag="500" ind1=" " ind2=" "><marc:subfield code="a">Trata-se da 11.ed. de Macunaíma e da 7.ed das Obras Completas de Mário de Andrade da Livraria Martins Editora</marc:subfield></marc:datafield><marc:datafield tag="650" ind1=" " ind2="7"><marc:subfield code="a">ROMANCE</marc:subfield><marc:subfield code="z">BRASIL</marc:subfield><marc:subfield code="2">larpcal</marc:subfield></marc:datafield><marc:datafield tag="800" ind1="1" ind2=" "><marc:subfield code="a">Andrade, Mário de</marc:subfield><marc:subfield code="d">1893-1945</marc:subfield><marc:subfield code="t">Obras completas</marc:subfield><marc:subfield code="v">4</marc:subfield></marc:datafield><marc:datafield tag="945" ind1=" " ind2=" "><marc:subfield code="a">L</marc:subfield><marc:subfield code="b">LIVRO</marc:subfield><marc:subfield code="c">01</marc:subfield></marc:datafield><marc:datafield tag="949" ind1=" " ind2=" "><marc:subfield code="t">100</marc:subfield><marc:subfield code="a">Andrade, Mario De</marc:subfield></marc:datafield></marc:record>