
<marc:record><marc:leader>04049cam a2200805I  450 </marc:leader>
<marc:controlfield tag="005">$$a1997051918575</marc:controlfield>
<marc:controlfield tag="008">751209s1972    bl            000 0 por  </marc:controlfield><marc:datafield tag="010" ind1=" " ind2=" "><marc:subfield code="a">72364935</marc:subfield></marc:datafield><marc:datafield tag="035" ind1=" " ind2=" "><marc:subfield code="a">(OCoLC)ocm01885817</marc:subfield><marc:subfield code="z">903057839</marc:subfield></marc:datafield><marc:datafield tag="040" ind1=" " ind2=" "><marc:subfield code="a">DLC</marc:subfield><marc:subfield code="c">IQU</marc:subfield></marc:datafield><marc:datafield tag="041" ind1="0" ind2=" "><marc:subfield code="a">por</marc:subfield></marc:datafield><marc:datafield tag="044" ind1=" " ind2=" "><marc:subfield code="a">bl</marc:subfield></marc:datafield><marc:datafield tag="050" ind1="0" ind2="0"><marc:subfield code="a">PQ9571</marc:subfield><marc:subfield code="b">.A95</marc:subfield></marc:datafield><marc:datafield tag="245" ind1="0" ind2="0"><marc:subfield code="a">Poetas do modernismo</marc:subfield><marc:subfield code="b">antologia crítica</marc:subfield><marc:subfield code="c">organização e introdução geral Leodegário A. Azevedo Filho</marc:subfield></marc:datafield><marc:datafield tag="260" ind1=" " ind2=" "><marc:subfield code="a">Brasília</marc:subfield><marc:subfield code="b">Instituto Nacional do Livro</marc:subfield><marc:subfield code="c">1972</marc:subfield></marc:datafield><marc:datafield tag="300" ind1=" " ind2=" "><marc:subfield code="a">6 v</marc:subfield><marc:subfield code="b">illus</marc:subfield><marc:subfield code="c">23 cm</marc:subfield></marc:datafield><marc:datafield tag="490" ind1="0" ind2=" "><marc:subfield code="a">Coleção de literatura brasileira</marc:subfield><marc:subfield code="v">9-9E</marc:subfield></marc:datafield><marc:datafield tag="500" ind1=" " ind2=" "><marc:subfield code="a">Author statement varies: v. 5, Leodeário [sic] A. de Azevedo Filho; v. 6, Leodegário A. de Azevedo Filho.</marc:subfield></marc:datafield><marc:datafield tag="500" ind1=" " ind2=" "><marc:subfield code="a">&quot;Edição comemorativa do cinqüentenário da Semana de Arte Moderna (1922-1972)&quot;.</marc:subfield></marc:datafield><marc:datafield tag="504" ind1=" " ind2=" "><marc:subfield code="a">Inclui bibliografia.</marc:subfield></marc:datafield><marc:datafield tag="505" ind1="0" ind2=" "><marc:subfield code="a">v.1. Oswald de Andrade, Luis Costa Lima, Mário de Andrade, Naief Sáfady, Menotti Del Picchia, Jairo Dias de Carvalho, Guilherme de Almeida, Aloysio Jansen de Faria -- v.2. Sergio Milliet / Antonio Jesus da Silva ; Manuel Bandeira / Bella Josef ; Jorge de Lima / Maria Luísa Ramos ; Ronald de Carvalho / Júlio Carvalho ; Cassiano Ricardo / Ivan Cavalcanti Proença -- v.3. Raul Bopp / Othon Moacyr Garcia ; Ribeiro Couto / Luís Cesar Saraiva Feijó ; Emilio Moura / Aloysio Jansen de Faria ; Carlos Drummond de Andrade / Antônio Houaiss ; Augusto Frederico Schmidt / Raul José Cortes Marques -- v.4. Augusto Meyer / Santos Moraes ; Tasso da Silveira / Leodegário A. de Azevedo Filho ; Cecilia Meireles / Leodegário A. de Azevedo Filho ; Murillo Araújo / Leodegário A. de Azevedo Filho ; Joaquim Cardos / Fernando Py -- v.5. Ascenso Ferreira / Ivan Cavalcanti Proença ; Henriqueta Lisboa / Carlos Durval ; Mario Quintana / Fausto Cunha . Murilo Mendes / Fábio Lucas ; Vinicius de Moraes / Ildágio Marques Tavares.</marc:subfield></marc:datafield><marc:datafield tag="650" ind1=" " ind2="0"><marc:subfield code="a">Modernismo (Literatura)</marc:subfield></marc:datafield><marc:datafield tag="650" ind1=" " ind2="7"><marc:subfield code="a">POESIA (HISTÓRIA E CRÍTICA)</marc:subfield><marc:subfield code="z">BRASIL</marc:subfield><marc:subfield code="2">larpcal</marc:subfield></marc:datafield><marc:datafield tag="700" ind1="1" ind2=" "><marc:subfield code="a">Araujo, Murilo</marc:subfield><marc:subfield code="d">1894-</marc:subfield></marc:datafield><marc:datafield tag="700" ind1="1" ind2=" "><marc:subfield code="a">Cardos, Joaquim</marc:subfield></marc:datafield><marc:datafield tag="700" ind1="1" ind2=" "><marc:subfield code="a">Py, Fernando</marc:subfield><marc:subfield code="d">1935-</marc:subfield></marc:datafield><marc:datafield tag="700" ind1="1" ind2=" "><marc:subfield code="a">Ferreira, Ascenso</marc:subfield><marc:subfield code="d">1895-1965</marc:subfield></marc:datafield><marc:datafield tag="700" ind1="1" ind2=" "><marc:subfield code="a">Lisboa, Henriqueta</marc:subfield><marc:subfield code="d">1901-1985</marc:subfield></marc:datafield><marc:datafield tag="700" ind1="1" ind2=" "><marc:subfield code="a">Duval, Carlos</marc:subfield><marc:subfield code="d">1936-1993</marc:subfield></marc:datafield><marc:datafield tag="700" ind1="1" ind2=" "><marc:subfield code="a">Quintana, Mário</marc:subfield><marc:subfield code="d">1906-1994</marc:subfield></marc:datafield><marc:datafield tag="700" ind1="1" ind2=" "><marc:subfield code="a">Cunha, Fausto</marc:subfield><marc:subfield code="d">1923-2004</marc:subfield></marc:datafield><marc:datafield tag="700" ind1="1" ind2=" "><marc:subfield code="a">Mendes, Murilo</marc:subfield><marc:subfield code="d">1901-1975</marc:subfield></marc:datafield><marc:datafield tag="700" ind1="1" ind2=" "><marc:subfield code="a">Lucas, Fábio</marc:subfield><marc:subfield code="d">1931-</marc:subfield></marc:datafield><marc:datafield tag="700" ind1="1" ind2=" "><marc:subfield code="a">Moraes, Vinicius de</marc:subfield><marc:subfield code="d">1913-1980</marc:subfield></marc:datafield><marc:datafield tag="700" ind1="1" ind2=" "><marc:subfield code="a">Tavares, Ildágio Marques</marc:subfield></marc:datafield><marc:datafield tag="700" ind1="1" ind2=" "><marc:subfield code="a">Carvalho, Julio</marc:subfield></marc:datafield><marc:datafield tag="700" ind1="1" ind2=" "><marc:subfield code="a">Ricardo, Cassiano</marc:subfield><marc:subfield code="d">1895-1974</marc:subfield></marc:datafield><marc:datafield tag="700" ind1="1" ind2=" "><marc:subfield code="a">Proença, Ivan Cavalcanti</marc:subfield></marc:datafield><marc:datafield tag="700" ind1="1" ind2=" "><marc:subfield code="a">Bopp, Raul</marc:subfield><marc:subfield code="d">1898-1984</marc:subfield></marc:datafield><marc:datafield tag="700" ind1="1" ind2=" "><marc:subfield code="a">Garcia, Othon M.</marc:subfield><marc:subfield code="d">1912-</marc:subfield><marc:subfield code="q">(Othon Moacyr)</marc:subfield></marc:datafield><marc:datafield tag="700" ind1="1" ind2=" "><marc:subfield code="a">Couto, Ribeiro</marc:subfield><marc:subfield code="d">1898-1963</marc:subfield></marc:datafield><marc:datafield tag="700" ind1="1" ind2=" "><marc:subfield code="a">Feijó, Luis Cesar Saraiva</marc:subfield></marc:datafield><marc:datafield tag="700" ind1="1" ind2=" "><marc:subfield code="a">Moura, Emílio</marc:subfield><marc:subfield code="d">1902-1971</marc:subfield></marc:datafield><marc:datafield tag="700" ind1="1" ind2=" "><marc:subfield code="a">Faria, Aloysio Jansen de</marc:subfield></marc:datafield><marc:datafield tag="700" ind1="1" ind2=" "><marc:subfield code="a">Andrade, Carlos Drummond de</marc:subfield><marc:subfield code="d">1902-1987</marc:subfield></marc:datafield><marc:datafield tag="700" ind1="1" ind2=" "><marc:subfield code="a">Houaiss, Antônio</marc:subfield><marc:subfield code="d">1915-1999</marc:subfield></marc:datafield><marc:datafield tag="700" ind1="1" ind2=" "><marc:subfield code="a">Schmidt, Augusto Frederico</marc:subfield><marc:subfield code="d">1906-1965</marc:subfield></marc:datafield><marc:datafield tag="700" ind1="1" ind2=" "><marc:subfield code="a">Marques, Raul José Côrtes</marc:subfield><marc:subfield code="d">1934-</marc:subfield></marc:datafield><marc:datafield tag="700" ind1="1" ind2=" "><marc:subfield code="a">Meyer, Augusto</marc:subfield><marc:subfield code="d">1902-1970</marc:subfield></marc:datafield><marc:datafield tag="700" ind1="1" ind2=" "><marc:subfield code="a">Moraes, Santos</marc:subfield><marc:subfield code="d">1920-</marc:subfield></marc:datafield><marc:datafield tag="700" ind1="1" ind2=" "><marc:subfield code="a">Silveira, Tasso da</marc:subfield><marc:subfield code="d">1895-1968</marc:subfield></marc:datafield><marc:datafield tag="700" ind1="1" ind2=" "><marc:subfield code="a">Azevedo Filho, Leodegário A. de</marc:subfield><marc:subfield code="q">(Leodegário Amarante)</marc:subfield><marc:subfield code="d">1917-2011</marc:subfield></marc:datafield><marc:datafield tag="700" ind1="1" ind2=" "><marc:subfield code="a">Meireles, Cecília</marc:subfield><marc:subfield code="d">1901-1964</marc:subfield></marc:datafield><marc:datafield tag="700" ind1="1" ind2=" "><marc:subfield code="a">Andrade, Oswald de</marc:subfield><marc:subfield code="d">1890-1954</marc:subfield></marc:datafield><marc:datafield tag="700" ind1="1" ind2=" "><marc:subfield code="a">Lima, Luís de</marc:subfield><marc:subfield code="d">1929-</marc:subfield></marc:datafield><marc:datafield tag="700" ind1="1" ind2=" "><marc:subfield code="a">Andrade, Mário de</marc:subfield><marc:subfield code="d">1893-1945</marc:subfield></marc:datafield><marc:datafield tag="700" ind1="1" ind2=" "><marc:subfield code="a">Sáfady, Naief</marc:subfield><marc:subfield code="d">1931-</marc:subfield></marc:datafield><marc:datafield tag="700" ind1="1" ind2=" "><marc:subfield code="a">Picchia, Menotti del</marc:subfield><marc:subfield code="d">1892-1988</marc:subfield></marc:datafield><marc:datafield tag="700" ind1="1" ind2=" "><marc:subfield code="a">Carvalho, Jairo Dias de</marc:subfield></marc:datafield><marc:datafield tag="700" ind1="1" ind2=" "><marc:subfield code="a">Almeida, Guilherme de</marc:subfield><marc:subfield code="d">1890-1969</marc:subfield></marc:datafield><marc:datafield tag="700" ind1="1" ind2=" "><marc:subfield code="a">Faria, Aloysio Jansen de</marc:subfield></marc:datafield><marc:datafield tag="700" ind1="1" ind2=" "><marc:subfield code="a">Milliet, Sérgio</marc:subfield><marc:subfield code="d">1898-1966</marc:subfield></marc:datafield><marc:datafield tag="700" ind1="1" ind2=" "><marc:subfield code="a">Silva, Antonio Jesus da</marc:subfield></marc:datafield><marc:datafield tag="700" ind1="1" ind2=" "><marc:subfield code="a">Bandeira, Manuel</marc:subfield><marc:subfield code="d">1886-1968</marc:subfield></marc:datafield><marc:datafield tag="700" ind1="1" ind2=" "><marc:subfield code="a">Jozef, Bella</marc:subfield><marc:subfield code="d">1926-2010</marc:subfield></marc:datafield><marc:datafield tag="700" ind1="1" ind2=" "><marc:subfield code="a">Lima, Jorge de</marc:subfield><marc:subfield code="d">1893-1953</marc:subfield></marc:datafield><marc:datafield tag="700" ind1="1" ind2=" "><marc:subfield code="a">Ramos, Maria Luiza</marc:subfield><marc:subfield code="d">1926-</marc:subfield></marc:datafield><marc:datafield tag="700" ind1="1" ind2=" "><marc:subfield code="a">Carvalho, Ronald de</marc:subfield><marc:subfield code="d">1893-1935</marc:subfield></marc:datafield><marc:datafield tag="700" ind1="1" ind2=" "><marc:subfield code="a">Azevedo Filho, Leodegário A. de</marc:subfield><marc:subfield code="q">(Leodegário Amarante)</marc:subfield><marc:subfield code="d">1917-</marc:subfield><marc:subfield code="4">org</marc:subfield><marc:subfield code="4">intr</marc:subfield></marc:datafield><marc:datafield tag="945" ind1=" " ind2=" "><marc:subfield code="a">L</marc:subfield><marc:subfield code="b">LIVRO</marc:subfield><marc:subfield code="c">01</marc:subfield></marc:datafield></marc:record>