
<marc:record><marc:leader>01125nam a2200265Ia 450 </marc:leader>
<marc:controlfield tag="005">$$a1997051921580</marc:controlfield>
<marc:controlfield tag="008">930129s1967    bl c     b    000 0 por d</marc:controlfield><marc:datafield tag="035" ind1=" " ind2=" "><marc:subfield code="a">(OCoLC)ocm27347903</marc:subfield><marc:subfield code="z">904187597</marc:subfield></marc:datafield><marc:datafield tag="040" ind1=" " ind2=" "><marc:subfield code="a">BUF</marc:subfield><marc:subfield code="c">BUF</marc:subfield></marc:datafield><marc:datafield tag="041" ind1="0" ind2=" "><marc:subfield code="a">por</marc:subfield></marc:datafield><marc:datafield tag="043" ind1=" " ind2=" "><marc:subfield code="a">s-bl---</marc:subfield></marc:datafield><marc:datafield tag="044" ind1=" " ind2=" "><marc:subfield code="a">bl</marc:subfield></marc:datafield><marc:datafield tag="090" ind1=" " ind2=" "><marc:subfield code="a">PQ9514</marc:subfield><marc:subfield code="b">.A558 1967</marc:subfield></marc:datafield><marc:datafield tag="100" ind1="1" ind2=" "><marc:subfield code="a">Andrade, Mário de</marc:subfield><marc:subfield code="d">1893-1945</marc:subfield></marc:datafield><marc:datafield tag="245" ind1="1" ind2="0"><marc:subfield code="a">Aspectos da literatura brasileira</marc:subfield></marc:datafield><marc:datafield tag="260" ind1=" " ind2=" "><marc:subfield code="a">São Paulo</marc:subfield><marc:subfield code="b">Livraria Martins Editôra</marc:subfield><marc:subfield code="c">1967</marc:subfield></marc:datafield><marc:datafield tag="300" ind1=" " ind2=" "><marc:subfield code="a">252 p.</marc:subfield><marc:subfield code="b">port.</marc:subfield><marc:subfield code="c">22 cm</marc:subfield></marc:datafield><marc:datafield tag="490" ind1="1" ind2=" "><marc:subfield code="a">Obras completas de Mário de Andrade</marc:subfield><marc:subfield code="v">10</marc:subfield></marc:datafield><marc:datafield tag="504" ind1=" " ind2=" "><marc:subfield code="a">Includes bibliographical references</marc:subfield></marc:datafield><marc:datafield tag="505" ind1="0" ind2=" "><marc:subfield code="a">Tristão de Ataíde -- A poesia em 1930 -- Lúis Aranha ou a poesia preparatoriana -- Machado de Assis -- Castro Alves -- Memórias de um sargento de milícias -- A volta do condor -- O Ateneu -- A elegia de abril -- Amor e mêdo -- O movimento modernista -- Segundo momento pernambucano</marc:subfield></marc:datafield><marc:datafield tag="650" ind1=" " ind2="0"><marc:subfield code="a">Brazilian literature</marc:subfield><marc:subfield code="x">History and criticism</marc:subfield></marc:datafield><marc:datafield tag="650" ind1=" " ind2="7"><marc:subfield code="a">ENSAIO LITERÁRIO</marc:subfield><marc:subfield code="z">BRASIL</marc:subfield><marc:subfield code="2">larpcal</marc:subfield></marc:datafield><marc:datafield tag="800" ind1="1" ind2=" "><marc:subfield code="a">Andrade, Mário de</marc:subfield><marc:subfield code="d">1893-1945</marc:subfield><marc:subfield code="t">Works</marc:subfield><marc:subfield code="f">1960</marc:subfield><marc:subfield code="v">10</marc:subfield></marc:datafield><marc:datafield tag="945" ind1=" " ind2=" "><marc:subfield code="a">L</marc:subfield><marc:subfield code="b">LIVRO</marc:subfield><marc:subfield code="c">01</marc:subfield></marc:datafield><marc:datafield tag="949" ind1=" " ind2=" "><marc:subfield code="t">100</marc:subfield><marc:subfield code="a">Andrade, Mario De</marc:subfield></marc:datafield></marc:record>