
<marc:record><marc:leader>00714nam a2200193K  45 0</marc:leader>
<marc:controlfield tag="005">$$a2006042610591</marc:controlfield>
<marc:controlfield tag="008">910917r19611960bl b          000 0 por d</marc:controlfield><marc:datafield tag="035" ind1=" " ind2=" "><marc:subfield code="a">(OCoLC)ocm24393527</marc:subfield></marc:datafield><marc:datafield tag="040" ind1=" " ind2=" "><marc:subfield code="a">WIX</marc:subfield><marc:subfield code="c">WIX</marc:subfield></marc:datafield><marc:datafield tag="041" ind1="0" ind2=" "><marc:subfield code="a">por</marc:subfield></marc:datafield><marc:datafield tag="044" ind1=" " ind2=" "><marc:subfield code="a">bl</marc:subfield></marc:datafield><marc:datafield tag="100" ind1="1" ind2=" "><marc:subfield code="a">Melo, Mário Lacerda de</marc:subfield><marc:subfield code="d">1913-2004</marc:subfield></marc:datafield><marc:datafield tag="245" ind1="1" ind2="3"><marc:subfield code="a">Um Brejo de Pernambuco</marc:subfield><marc:subfield code="b">região de Camocim de São Félix</marc:subfield><marc:subfield code="c">[Por] Mário Lacerda de Melo e Manuel Correia de Andrade</marc:subfield></marc:datafield><marc:datafield tag="260" ind1=" " ind2=" "><marc:subfield code="a">Rio de Janeiro</marc:subfield><marc:subfield code="c">1961</marc:subfield></marc:datafield><marc:datafield tag="300" ind1=" " ind2=" "><marc:subfield code="a">45 p.</marc:subfield><marc:subfield code="b">maps.</marc:subfield><marc:subfield code="c">23 cm</marc:subfield></marc:datafield><marc:datafield tag="500" ind1=" " ind2=" "><marc:subfield code="a">Separata do Boletim Carioca de Geografia, nos 3 e 4, ano XIII, 1960.</marc:subfield></marc:datafield><marc:datafield tag="650" ind1=" " ind2="7"><marc:subfield code="a">COMUNIDADE RURAL</marc:subfield><marc:subfield code="z">CAMOCIM DE SÃO FELIX(PE)</marc:subfield><marc:subfield code="2">larpcal</marc:subfield></marc:datafield><marc:datafield tag="700" ind1="1" ind2=" "><marc:subfield code="a">Andrade, Manuel Correia de</marc:subfield><marc:subfield code="d">1922-2007</marc:subfield><marc:subfield code="6">joint author</marc:subfield></marc:datafield><marc:datafield tag="945" ind1=" " ind2=" "><marc:subfield code="a">L</marc:subfield><marc:subfield code="b">LIVRO</marc:subfield><marc:subfield code="c">01</marc:subfield></marc:datafield></marc:record>