
<marc:record><marc:leader>01268cam a2200301Ii 4500</marc:leader>
<marc:controlfield tag="005">20101222062523.0</marc:controlfield>
<marc:controlfield tag="008">830525s1960    bl ab         000 0 por d</marc:controlfield><marc:datafield tag="035" ind1=" " ind2=" "><marc:subfield code="a">(OCoLC)09546728</marc:subfield></marc:datafield><marc:datafield tag="040" ind1=" " ind2=" "><marc:subfield code="a">IFA</marc:subfield><marc:subfield code="c">IFA</marc:subfield><marc:subfield code="d">IXA</marc:subfield><marc:subfield code="d">OCLCQ</marc:subfield><marc:subfield code="d">OCL</marc:subfield></marc:datafield><marc:datafield tag="041" ind1="1" ind2=" "><marc:subfield code="a">por</marc:subfield><marc:subfield code="a">fre</marc:subfield><marc:subfield code="h">fre</marc:subfield></marc:datafield><marc:datafield tag="043" ind1=" " ind2=" "><marc:subfield code="a">s-bl---</marc:subfield></marc:datafield><marc:datafield tag="044" ind1=" " ind2=" "><marc:subfield code="a">bl</marc:subfield></marc:datafield><marc:datafield tag="050" ind1=" " ind2="4"><marc:subfield code="a">QL696.A558</marc:subfield><marc:subfield code="b">D4816 1960</marc:subfield></marc:datafield><marc:datafield tag="092" ind1="0" ind2=" "><marc:subfield code="a">598.298</marc:subfield></marc:datafield><marc:datafield tag="100" ind1="1" ind2=" "><marc:subfield code="a">Descourtilz, J. T.</marc:subfield><marc:subfield code="q">(Jean Théodore)</marc:subfield><marc:subfield code="d">d. 1855</marc:subfield></marc:datafield><marc:datafield tag="240" ind1="1" ind2="0"><marc:subfield code="a">Oiseaux-mouches orthorynques du Brésil</marc:subfield><marc:subfield code="l">Portuguese</marc:subfield></marc:datafield><marc:datafield tag="245" ind1="1" ind2="0"><marc:subfield code="a">Beija-flores do Brasil</marc:subfield><marc:subfield code="c">pintados e descritos pelo Dr. Th. Descourtilz. Tradução de Carlos Drummond de Andrades Estudio critico por Oliverio M. de O. Pinto</marc:subfield></marc:datafield><marc:datafield tag="260" ind1=" " ind2=" "><marc:subfield code="a">Rio de Janeiro</marc:subfield><marc:subfield code="b">Livraria São José</marc:subfield><marc:subfield code="c">1960</marc:subfield></marc:datafield><marc:datafield tag="300" ind1=" " ind2=" "><marc:subfield code="a">50, 35 p.</marc:subfield><marc:subfield code="b">col. ill.</marc:subfield><marc:subfield code="c">41 cm.</marc:subfield></marc:datafield><marc:datafield tag="500" ind1=" " ind2=" "><marc:subfield code="a">Facsimile of author's original illustrations, titled: Oiseaux-mouches orthorynques du Brésil, translated and with critical notes in Portuguese.</marc:subfield></marc:datafield><marc:datafield tag="546" ind1=" " ind2=" "><marc:subfield code="a">Text in Portuguese and French</marc:subfield></marc:datafield><marc:datafield tag="650" ind1=" " ind2="0"><marc:subfield code="a">Hummingbirds</marc:subfield><marc:subfield code="z">Brazil</marc:subfield></marc:datafield><marc:datafield tag="650" ind1=" " ind2="7"><marc:subfield code="a">BEIJA-FLORES</marc:subfield><marc:subfield code="z">BRASIL</marc:subfield><marc:subfield code="2">larpcal</marc:subfield></marc:datafield><marc:datafield tag="650" ind1=" " ind2="0"><marc:subfield code="a">Birds</marc:subfield><marc:subfield code="z">Brazil</marc:subfield></marc:datafield><marc:datafield tag="650" ind1=" " ind2="0"><marc:subfield code="a">Hummingbirds</marc:subfield><marc:subfield code="z">Brazil</marc:subfield><marc:subfield code="v">Pictorial works</marc:subfield></marc:datafield><marc:datafield tag="700" ind1="1" ind2=" "><marc:subfield code="a">Pinto, Olivério M. de O.</marc:subfield><marc:subfield code="q">(Olivério Mário de Oliveira)</marc:subfield><marc:subfield code="d">1896</marc:subfield></marc:datafield><marc:datafield tag="700" ind1="1" ind2=" "><marc:subfield code="a">Andrade, Carlos Drummond de</marc:subfield><marc:subfield code="4">trad</marc:subfield><marc:subfield code="d">1902-1987</marc:subfield></marc:datafield><marc:datafield tag="945" ind1=" " ind2=" "><marc:subfield code="a">L</marc:subfield><marc:subfield code="b">LIVRO</marc:subfield><marc:subfield code="c">01</marc:subfield></marc:datafield></marc:record>