
<marc:record><marc:leader>01080nam a2200241Ia 4500</marc:leader>
<marc:controlfield tag="005">20110814062600.0</marc:controlfield>
<marc:controlfield tag="008">110224s1960    bl            000 0 por d</marc:controlfield><marc:datafield tag="040" ind1=" " ind2=" "><marc:subfield code="a">USP/SIBI</marc:subfield></marc:datafield><marc:datafield tag="041" ind1="0" ind2=" "><marc:subfield code="a">por</marc:subfield></marc:datafield><marc:datafield tag="044" ind1=" " ind2=" "><marc:subfield code="a">bl</marc:subfield></marc:datafield><marc:datafield tag="092" ind1="0" ind2=" "><marc:subfield code="a">598.764</marc:subfield></marc:datafield><marc:datafield tag="100" ind1="1" ind2=" "><marc:subfield code="a">Descourtilz, J. T.</marc:subfield><marc:subfield code="q">(Jean Théodore)</marc:subfield><marc:subfield code="d">d. 1855</marc:subfield></marc:datafield><marc:datafield tag="245" ind1="1" ind2="0"><marc:subfield code="a">Beija-flores do Brasil</marc:subfield><marc:subfield code="c">pintados e descritos pelo Dr. Th. Descourtilz; tradução de Carlos Drummond de Andrade; estudo crítico por Olivério M. de O. Pinto</marc:subfield></marc:datafield><marc:datafield tag="260" ind1=" " ind2=" "><marc:subfield code="a">Rio de Janeiro</marc:subfield><marc:subfield code="b">Biblioteca Nacional, MEC</marc:subfield><marc:subfield code="c">1960</marc:subfield></marc:datafield><marc:datafield tag="300" ind1=" " ind2=" "><marc:subfield code="a">35, 50 p.</marc:subfield><marc:subfield code="b">il. col.</marc:subfield><marc:subfield code="c">42 cm.</marc:subfield></marc:datafield><marc:datafield tag="500" ind1=" " ind2=" "><marc:subfield code="a">Foram impressos pela Biblioteca Nacional do Rio de Janeiro três mil exemplares, todos numerados.</marc:subfield></marc:datafield><marc:datafield tag="500" ind1=" " ind2=" "><marc:subfield code="a">Exemplar nº 401</marc:subfield></marc:datafield><marc:datafield tag="500" ind1=" " ind2=" "><marc:subfield code="a">Facsim de: Oiseaux-mauches orthorynques du Brésil/ Th. Descourtilz. Rio de Janeiro, s. n., 1831</marc:subfield></marc:datafield><marc:datafield tag="500" ind1=" " ind2=" "><marc:subfield code="a">Exemplar acondicionado em pasta, com folhas soltas</marc:subfield></marc:datafield><marc:datafield tag="650" ind1=" " ind2="7"><marc:subfield code="a">AVES</marc:subfield><marc:subfield code="z">BRASIL</marc:subfield><marc:subfield code="2">larpcal</marc:subfield></marc:datafield><marc:datafield tag="700" ind1="1" ind2=" "><marc:subfield code="a">Andrade, Carlos Drumond de</marc:subfield><marc:subfield code="4">trad</marc:subfield><marc:subfield code="d">1902-1987</marc:subfield></marc:datafield><marc:datafield tag="700" ind1="1" ind2=" "><marc:subfield code="a">Pinto, Olivério M. de O. (Olivério Mário de Oliveira)</marc:subfield><marc:subfield code="4">colab</marc:subfield><marc:subfield code="d">1896-</marc:subfield></marc:datafield><marc:datafield tag="945" ind1=" " ind2=" "><marc:subfield code="a">L</marc:subfield><marc:subfield code="b">LIVRO</marc:subfield><marc:subfield code="c">01</marc:subfield></marc:datafield></marc:record>