
<marc:record><marc:leader>00783nam a2200241I  45'0</marc:leader>
<marc:controlfield tag="005">$$a1997052004261</marc:controlfield>
<marc:controlfield tag="008">860130s1958    bl            000 0apor  </marc:controlfield><marc:datafield tag="010" ind1=" " ind2=" "><marc:subfield code="a">59020656</marc:subfield></marc:datafield><marc:datafield tag="035" ind1=" " ind2=" "><marc:subfield code="a">(OCoLC)ocm13083520</marc:subfield><marc:subfield code="z">906587086</marc:subfield></marc:datafield><marc:datafield tag="040" ind1=" " ind2=" "><marc:subfield code="a">DLC</marc:subfield><marc:subfield code="c">TXH</marc:subfield><marc:subfield code="d">TXH</marc:subfield></marc:datafield><marc:datafield tag="041" ind1="0" ind2=" "><marc:subfield code="a">por</marc:subfield></marc:datafield><marc:datafield tag="043" ind1=" " ind2=" "><marc:subfield code="a">s-bl---</marc:subfield></marc:datafield><marc:datafield tag="044" ind1=" " ind2=" "><marc:subfield code="a">bl</marc:subfield></marc:datafield><marc:datafield tag="050" ind1="0" ind2="0"><marc:subfield code="a">PQ9697.A72</marc:subfield><marc:subfield code="b">Z56</marc:subfield></marc:datafield><marc:datafield tag="100" ind1="1" ind2=" "><marc:subfield code="a">Andrade, Mário de</marc:subfield><marc:subfield code="d">1893-1945</marc:subfield></marc:datafield><marc:datafield tag="245" ind1="1" ind2="0"><marc:subfield code="a">Cartas de Mário de Andrade a Manuel Bandeira</marc:subfield><marc:subfield code="c">prefácio e notas de Manuel Bandeira</marc:subfield></marc:datafield><marc:datafield tag="260" ind1=" " ind2=" "><marc:subfield code="a">Rio de Janeiro</marc:subfield><marc:subfield code="b">Organização Simões</marc:subfield><marc:subfield code="c">1958</marc:subfield></marc:datafield><marc:datafield tag="300" ind1=" " ind2=" "><marc:subfield code="a">353 p</marc:subfield><marc:subfield code="c">23 cm</marc:subfield></marc:datafield><marc:datafield tag="600" ind1="1" ind2="4"><marc:subfield code="a">Andrade, Mário de</marc:subfield><marc:subfield code="d">1893-1945</marc:subfield></marc:datafield><marc:datafield tag="650" ind1=" " ind2="0"><marc:subfield code="a">Authors, Brazilian</marc:subfield><marc:subfield code="y">20th century</marc:subfield><marc:subfield code="x">Correspondence</marc:subfield></marc:datafield><marc:datafield tag="650" ind1=" " ind2="7"><marc:subfield code="a">EPISTOLOGRAFIA</marc:subfield><marc:subfield code="z">BRASIL</marc:subfield><marc:subfield code="2">larpcal</marc:subfield></marc:datafield><marc:datafield tag="700" ind1="1" ind2=" "><marc:subfield code="a">Bandeira, Manuel</marc:subfield><marc:subfield code="d">1886-1968</marc:subfield><marc:subfield code="4">pref</marc:subfield><marc:subfield code="4">anot</marc:subfield></marc:datafield><marc:datafield tag="945" ind1=" " ind2=" "><marc:subfield code="a">L</marc:subfield><marc:subfield code="b">LIVRO</marc:subfield><marc:subfield code="c">01</marc:subfield></marc:datafield></marc:record>