
<marc:record><marc:leader>01115nam a2200289Ia 4500</marc:leader>
<marc:controlfield tag="005">20151214145800.0</marc:controlfield>
<marc:controlfield tag="008">950404s1954    bl            100 0 por d</marc:controlfield><marc:datafield tag="035" ind1=" " ind2=" "><marc:subfield code="z">906303151</marc:subfield></marc:datafield><marc:datafield tag="040" ind1=" " ind2=" "><marc:subfield code="a">USP/SIBI</marc:subfield></marc:datafield><marc:datafield tag="041" ind1="0" ind2=" "><marc:subfield code="a">por</marc:subfield><marc:subfield code="a">eng</marc:subfield></marc:datafield><marc:datafield tag="044" ind1=" " ind2=" "><marc:subfield code="a">bl</marc:subfield></marc:datafield><marc:datafield tag="110" ind1="2" ind2=" "><marc:subfield code="a">Museu de Arte de São Paulo</marc:subfield></marc:datafield><marc:datafield tag="245" ind1="1" ind2="0"><marc:subfield code="a">Portinari</marc:subfield><marc:subfield code="b">poemas de Nicolas Guillén, Rafael Alberti, Carlos Drummónd, Mário de Andrade</marc:subfield></marc:datafield><marc:datafield tag="260" ind1=" " ind2=" "><marc:subfield code="a">São Paulo</marc:subfield><marc:subfield code="b">Habitat</marc:subfield><marc:subfield code="c">1954</marc:subfield></marc:datafield><marc:datafield tag="300" ind1=" " ind2=" "><marc:subfield code="a">1 v (não paginado)</marc:subfield><marc:subfield code="b">il</marc:subfield></marc:datafield><marc:datafield tag="500" ind1=" " ind2=" "><marc:subfield code="a">Livro impresso por ocasião da exposição de Cândido Portinari, em fevereiro e março de 1954, no Museu de Arte de São Paulo</marc:subfield></marc:datafield><marc:datafield tag="546" ind1=" " ind2=" "><marc:subfield code="a">Texto em português e inglês</marc:subfield></marc:datafield><marc:datafield tag="600" ind1="1" ind2="7"><marc:subfield code="a">Portinari, Cândido</marc:subfield><marc:subfield code="d">1903-1962</marc:subfield><marc:subfield code="2">larpcal</marc:subfield></marc:datafield><marc:datafield tag="650" ind1=" " ind2="7"><marc:subfield code="a">PINTURA</marc:subfield><marc:subfield code="y">SÉCULO 20</marc:subfield><marc:subfield code="z">BRASIL</marc:subfield><marc:subfield code="2">larpcal</marc:subfield></marc:datafield><marc:datafield tag="650" ind1=" " ind2="7"><marc:subfield code="a">EXPOSIÇÕES DE ARTE</marc:subfield><marc:subfield code="y">SÉCULO 20</marc:subfield><marc:subfield code="z">BRASIL</marc:subfield><marc:subfield code="2">larpcal</marc:subfield></marc:datafield><marc:datafield tag="650" ind1=" " ind2="7"><marc:subfield code="a">ACERVO MUSEOLÓGICO</marc:subfield><marc:subfield code="2">larpcal</marc:subfield></marc:datafield><marc:datafield tag="656" ind1=" " ind2="7"><marc:subfield code="a">PINTORES</marc:subfield><marc:subfield code="y">SÉCULO 20</marc:subfield><marc:subfield code="z">BRASIL</marc:subfield><marc:subfield code="2">larpcal</marc:subfield></marc:datafield><marc:datafield tag="700" ind1="1" ind2=" "><marc:subfield code="a">Guillén, Nicolás</marc:subfield><marc:subfield code="d">1902-</marc:subfield></marc:datafield><marc:datafield tag="700" ind1="1" ind2=" "><marc:subfield code="a">Alberti, Rafael</marc:subfield><marc:subfield code="d">1902-1999</marc:subfield></marc:datafield><marc:datafield tag="700" ind1="1" ind2=" "><marc:subfield code="a">Andrade, Carlos Drummond de</marc:subfield><marc:subfield code="d">1902-1987</marc:subfield></marc:datafield><marc:datafield tag="700" ind1="1" ind2=" "><marc:subfield code="a">Andrade, Mário de</marc:subfield><marc:subfield code="d">1893-1945</marc:subfield></marc:datafield><marc:datafield tag="945" ind1=" " ind2=" "><marc:subfield code="a">L</marc:subfield><marc:subfield code="b">LIVRO</marc:subfield><marc:subfield code="c">01</marc:subfield></marc:datafield></marc:record>