
<marc:record><marc:leader>00783nas a2200205Ia 4500</marc:leader>
<marc:controlfield tag="005">20150807150500.0</marc:controlfield>
<marc:controlfield tag="008">891207c1952    bl qr p             por d</marc:controlfield><marc:datafield tag="035" ind1=" " ind2=" "><marc:subfield code="z">F1235</marc:subfield></marc:datafield><marc:datafield tag="040" ind1=" " ind2=" "><marc:subfield code="a">USP/SIBI</marc:subfield></marc:datafield><marc:datafield tag="041" ind1="0" ind2=" "><marc:subfield code="a">por</marc:subfield></marc:datafield><marc:datafield tag="044" ind1=" " ind2=" "><marc:subfield code="a">bl</marc:subfield></marc:datafield><marc:datafield tag="245" ind1="0" ind2="0"><marc:subfield code="a">Folclore</marc:subfield><marc:subfield code="c">Comissao Paulista de Folclore, Centro de Pesquisas Folcloricas Mario de Andrade</marc:subfield></marc:datafield><marc:datafield tag="260" ind1=" " ind2=" "><marc:subfield code="a">São Paulo</marc:subfield><marc:subfield code="b">O Centro</marc:subfield><marc:subfield code="c">1952-</marc:subfield></marc:datafield><marc:datafield tag="310" ind1=" " ind2=" "><marc:subfield code="a">Trimestral</marc:subfield></marc:datafield><marc:datafield tag="362" ind1="0" ind2=" "><marc:subfield code="a">Vol. 1, n. 1 (1952)-</marc:subfield></marc:datafield><marc:datafield tag="650" ind1=" " ind2="7"><marc:subfield code="a">CULTURA POPULAR</marc:subfield><marc:subfield code="2">larpcal</marc:subfield></marc:datafield><marc:datafield tag="945" ind1=" " ind2=" "><marc:subfield code="a">S</marc:subfield><marc:subfield code="b">SERIADO</marc:subfield><marc:subfield code="c">S</marc:subfield><marc:subfield code="k">N</marc:subfield><marc:subfield code="l">NACIONAL</marc:subfield><marc:subfield code="m">U</marc:subfield><marc:subfield code="n">N</marc:subfield><marc:subfield code="o">P</marc:subfield><marc:subfield code="p">T</marc:subfield><marc:subfield code="q">S</marc:subfield><marc:subfield code="r">CC</marc:subfield><marc:subfield code="t">032614-3</marc:subfield></marc:datafield><marc:datafield tag="947" ind1=" " ind2=" "><marc:subfield code="a">EEFE</marc:subfield><marc:subfield code="b">1952 1(2-4); 1953 2(1-2)</marc:subfield><marc:subfield code="c">ND</marc:subfield><marc:subfield code="d">1953</marc:subfield><marc:subfield code="f">000515-0</marc:subfield><marc:subfield code="z">CONFORME NORMAS CCN</marc:subfield></marc:datafield><marc:datafield tag="947" ind1=" " ind2=" "><marc:subfield code="a">FFLCH</marc:subfield><marc:subfield code="b">1952 1; 1953 2(1-2);</marc:subfield><marc:subfield code="c">NCOR</marc:subfield><marc:subfield code="d">1953</marc:subfield><marc:subfield code="f">000348-4</marc:subfield><marc:subfield code="z">CONFORME NORMAS CCN</marc:subfield></marc:datafield><marc:datafield tag="947" ind1=" " ind2=" "><marc:subfield code="a">IEB</marc:subfield><marc:subfield code="b">1952 1(1-4); 1953 2(1-2)</marc:subfield><marc:subfield code="c">ND</marc:subfield><marc:subfield code="d">1953</marc:subfield><marc:subfield code="f">000358-1</marc:subfield><marc:subfield code="z">CONFORME NORMAS CCN</marc:subfield></marc:datafield></marc:record>