
<marc:record><marc:leader>00802cam a2200229I  450 </marc:leader>
<marc:controlfield tag="005">$$a1997051919001</marc:controlfield>
<marc:controlfield tag="008">821123s1948    bl            000 0 por d</marc:controlfield><marc:datafield tag="035" ind1=" " ind2=" "><marc:subfield code="a">(OCoLC)ocm08984209</marc:subfield><marc:subfield code="z">903040750</marc:subfield></marc:datafield><marc:datafield tag="040" ind1=" " ind2=" "><marc:subfield code="a">SOI</marc:subfield><marc:subfield code="c">SOI</marc:subfield><marc:subfield code="d">AZU</marc:subfield></marc:datafield><marc:datafield tag="041" ind1="0" ind2=" "><marc:subfield code="a">por</marc:subfield></marc:datafield><marc:datafield tag="044" ind1=" " ind2=" "><marc:subfield code="a">bl</marc:subfield></marc:datafield><marc:datafield tag="090" ind1=" " ind2=" "><marc:subfield code="a">GR133.B6</marc:subfield><marc:subfield code="b">F63</marc:subfield></marc:datafield><marc:datafield tag="092" ind1=" " ind2=" "><marc:subfield code="a">398.0981</marc:subfield><marc:subfield code="b">R585f</marc:subfield></marc:datafield><marc:datafield tag="110" ind1="2" ind2=" "><marc:subfield code="a">Universidade do Brasil</marc:subfield><marc:subfield code="b">Centro de pesquisas folclóricas Mário de Andrade</marc:subfield></marc:datafield><marc:datafield tag="245" ind1="1" ind2="0"><marc:subfield code="a">Folclore nacional</marc:subfield></marc:datafield><marc:datafield tag="260" ind1=" " ind2=" "><marc:subfield code="a">São Paulo</marc:subfield><marc:subfield code="b">Conservatório Dramático e Musical de S. Paulo</marc:subfield><marc:subfield code="c">1948</marc:subfield></marc:datafield><marc:datafield tag="300" ind1=" " ind2=" "><marc:subfield code="a">50 p</marc:subfield></marc:datafield><marc:datafield tag="500" ind1=" " ind2=" "><marc:subfield code="a">&quot;Separata da Revista do Arquivo Municipal, Divisão do Arquivo Histórico. no. CXVII.&quot;</marc:subfield></marc:datafield><marc:datafield tag="650" ind1=" " ind2="0"><marc:subfield code="a">Folklore</marc:subfield><marc:subfield code="z">Brazil</marc:subfield></marc:datafield><marc:datafield tag="650" ind1=" " ind2="7"><marc:subfield code="a">FOLCLORE</marc:subfield><marc:subfield code="z">BRASIL</marc:subfield><marc:subfield code="2">larpcal</marc:subfield></marc:datafield><marc:datafield tag="945" ind1=" " ind2=" "><marc:subfield code="a">L</marc:subfield><marc:subfield code="b">LIVRO</marc:subfield><marc:subfield code="c">01</marc:subfield></marc:datafield><marc:datafield tag="949" ind1=" " ind2=" "><marc:subfield code="t">110</marc:subfield><marc:subfield code="a">Centro De Pesquisas Folcloricas Mario De Andrade (Sao Paulo)</marc:subfield></marc:datafield></marc:record>