
<marc:record><marc:leader>01044nam a2200277I  450 </marc:leader>
<marc:controlfield tag="005">$$a1997051918564</marc:controlfield>
<marc:controlfield tag="008">780913s1945    bl agh   b   f000 0bpor  </marc:controlfield><marc:datafield tag="010" ind1=" " ind2=" "><marc:subfield code="a">47021087</marc:subfield></marc:datafield><marc:datafield tag="035" ind1=" " ind2=" "><marc:subfield code="a">(OCoLC)ocm04221193</marc:subfield><marc:subfield code="z">903013113</marc:subfield></marc:datafield><marc:datafield tag="040" ind1=" " ind2=" "><marc:subfield code="a">DLC</marc:subfield><marc:subfield code="c">GZM</marc:subfield></marc:datafield><marc:datafield tag="041" ind1="0" ind2=" "><marc:subfield code="a">por</marc:subfield></marc:datafield><marc:datafield tag="044" ind1=" " ind2=" "><marc:subfield code="a">bl</marc:subfield></marc:datafield><marc:datafield tag="050" ind1="0" ind2="4"><marc:subfield code="a">ND359.J4</marc:subfield><marc:subfield code="b">A7</marc:subfield></marc:datafield><marc:datafield tag="082" ind1="1" ind2=" "><marc:subfield code="a">759.981</marc:subfield></marc:datafield><marc:datafield tag="100" ind1="1" ind2=" "><marc:subfield code="a">Andrade, Mário de</marc:subfield><marc:subfield code="d">1893-1945</marc:subfield></marc:datafield><marc:datafield tag="245" ind1="0" ind2="0"><marc:subfield code="a">Padre Jesuino do Monte Carmelo [por] Mario de Andrade</marc:subfield></marc:datafield><marc:datafield tag="260" ind1=" " ind2=" "><marc:subfield code="a">[Rio de Janeiro</marc:subfield><marc:subfield code="b">Ministerio da educação e saude]</marc:subfield><marc:subfield code="c">1945</marc:subfield></marc:datafield><marc:datafield tag="300" ind1=" " ind2=" "><marc:subfield code="a">2 p. l., x p., 2 l., [9]-194 p</marc:subfield><marc:subfield code="b">il., 44 pl. on 22 l., facsim. (music)</marc:subfield><marc:subfield code="c">25 cm</marc:subfield></marc:datafield><marc:datafield tag="490" ind1="0" ind2=" "><marc:subfield code="a">[Brazil] Serviço do patrimonio histórico e artístico nacional. Publicaçoes</marc:subfield><marc:subfield code="v">n. 14</marc:subfield></marc:datafield><marc:datafield tag="504" ind1=" " ind2=" "><marc:subfield code="a">&quot;Bibliografia consultada&quot; : p. [183]-188</marc:subfield></marc:datafield><marc:datafield tag="505" ind1="2" ind2=" "><marc:subfield code="a">O livro possui 22 pranchas</marc:subfield></marc:datafield><marc:datafield tag="590" ind1=" " ind2=" "><marc:subfield code="a">O exemplar 1 da BBM (coleção RBM) está encadernado em meio couro marrom, com capas</marc:subfield></marc:datafield><marc:datafield tag="600" ind1="1" ind2="0"><marc:subfield code="a">Jesuíno do Monte Carmelo</marc:subfield><marc:subfield code="c">Father</marc:subfield><marc:subfield code="d">1764-1819</marc:subfield></marc:datafield><marc:datafield tag="650" ind1=" " ind2="7"><marc:subfield code="a">BIOGRAFIAS</marc:subfield><marc:subfield code="2">larpcal</marc:subfield></marc:datafield><marc:datafield tag="656" ind1=" " ind2="7"><marc:subfield code="a">RELIGIOSOS</marc:subfield><marc:subfield code="2">larpcal</marc:subfield></marc:datafield><marc:datafield tag="945" ind1=" " ind2=" "><marc:subfield code="a">L</marc:subfield><marc:subfield code="b">LIVRO</marc:subfield><marc:subfield code="c">01</marc:subfield></marc:datafield></marc:record>