
<marc:record><marc:leader>02360aas a2200373Ia 4500</marc:leader>
<marc:controlfield tag="005">20190617145100.0</marc:controlfield>
<marc:controlfield tag="008">901217d19431988bl qr p             por d</marc:controlfield><marc:datafield tag="022" ind1=" " ind2=" "><marc:subfield code="a">0100-4948</marc:subfield></marc:datafield><marc:datafield tag="035" ind1=" " ind2=" "><marc:subfield code="z">02458U</marc:subfield></marc:datafield><marc:datafield tag="040" ind1=" " ind2=" "><marc:subfield code="a">USP/SIBI</marc:subfield></marc:datafield><marc:datafield tag="041" ind1="0" ind2=" "><marc:subfield code="a">por</marc:subfield></marc:datafield><marc:datafield tag="044" ind1=" " ind2=" "><marc:subfield code="a">bl</marc:subfield></marc:datafield><marc:datafield tag="245" ind1="0" ind2="0"><marc:subfield code="a">Boletim bibliográfico</marc:subfield><marc:subfield code="c">Biblioteca Mário de Andrade</marc:subfield></marc:datafield><marc:datafield tag="246" ind1="3" ind2="3"><marc:subfield code="a">Boletim bibliográfico. Biblioteca Mário de Andrade</marc:subfield></marc:datafield><marc:datafield tag="260" ind1=" " ind2=" "><marc:subfield code="a">São Paulo</marc:subfield><marc:subfield code="b">Biblioteca Mário de Andrade</marc:subfield><marc:subfield code="c">1943-1988</marc:subfield></marc:datafield><marc:datafield tag="300" ind1=" " ind2=" "><marc:subfield code="a">v</marc:subfield><marc:subfield code="b">il.</marc:subfield><marc:subfield code="c">25 x 18,5 cm</marc:subfield></marc:datafield><marc:datafield tag="310" ind1=" " ind2=" "><marc:subfield code="a">Trimestral</marc:subfield></marc:datafield><marc:datafield tag="362" ind1="0" ind2=" "><marc:subfield code="a">Vol. 1, n. 1 (Out/Dez 1943)-v. 49, n. 1/4 (1988)</marc:subfield></marc:datafield><marc:datafield tag="500" ind1=" " ind2=" "><marc:subfield code="a">Entidade anteriormente denominada : Biblioteca Pública Municipal de São Paulo, de 1943 a 1958; Biblioteca Municipal Mário de Andrade, de 1966 a 1976</marc:subfield></marc:datafield><marc:datafield tag="590" ind1=" " ind2=" "><marc:subfield code="a">O v.40 n.1 da BBM possui anexo, ver dossiê n.1502</marc:subfield></marc:datafield><marc:datafield tag="590" ind1=" " ind2=" "><marc:subfield code="a">O v.42 n.2 da BBM possui anexo, ver dossiê n.1503</marc:subfield></marc:datafield><marc:datafield tag="590" ind1=" " ind2=" "><marc:subfield code="a">O v.42 n.4 da BBM possui anexo, ver dossiê n.1504</marc:subfield></marc:datafield><marc:datafield tag="590" ind1=" " ind2=" "><marc:subfield code="a">O v.43 n.1 da BBM possui anexo, ver dossiê n.1505</marc:subfield></marc:datafield><marc:datafield tag="590" ind1=" " ind2=" "><marc:subfield code="a">O v.43 n.3 da BBM possui anexo, ver dossiê n.1506</marc:subfield></marc:datafield><marc:datafield tag="590" ind1=" " ind2=" "><marc:subfield code="a">O v.46 n.1 da BBM possui anexo, ver dossiê n.1507</marc:subfield></marc:datafield><marc:datafield tag="650" ind1=" " ind2="7"><marc:subfield code="a">BIBLIOGRAFIAS</marc:subfield><marc:subfield code="2">larpcal</marc:subfield></marc:datafield><marc:datafield tag="710" ind1="2" ind2=" "><marc:subfield code="a">Biblioteca Municipal Mário de Andrade</marc:subfield></marc:datafield><marc:datafield tag="785" ind1="0" ind2="0"><marc:subfield code="t">Revista da Biblioteca Mário de Andrade</marc:subfield><marc:subfield code="g">50,1992-</marc:subfield></marc:datafield><marc:datafield tag="945" ind1=" " ind2=" "><marc:subfield code="a">S</marc:subfield><marc:subfield code="b">SERIADO</marc:subfield><marc:subfield code="c">S</marc:subfield><marc:subfield code="k">N</marc:subfield><marc:subfield code="l">NACIONAL</marc:subfield><marc:subfield code="m">D</marc:subfield><marc:subfield code="n">S</marc:subfield><marc:subfield code="o">P</marc:subfield><marc:subfield code="p">T</marc:subfield><marc:subfield code="q">S</marc:subfield><marc:subfield code="r">LT</marc:subfield><marc:subfield code="t">083278-2</marc:subfield></marc:datafield><marc:datafield tag="947" ind1=" " ind2=" "><marc:subfield code="a">FFLCH</marc:subfield><marc:subfield code="b">1943-58 1-23; 1966-75 24-35; 1977-88 38-49</marc:subfield><marc:subfield code="c">ND</marc:subfield><marc:subfield code="d">1988</marc:subfield><marc:subfield code="f">000348-4</marc:subfield><marc:subfield code="z">CONFORME NORMAS CCN</marc:subfield></marc:datafield><marc:datafield tag="947" ind1=" " ind2=" "><marc:subfield code="a">FOB</marc:subfield><marc:subfield code="b">1969-71 25-28; 1972 30-32; 1974-76 34-37; 1978 39(3-4); 1979 40</marc:subfield><marc:subfield code="c">ND</marc:subfield><marc:subfield code="d">1979</marc:subfield><marc:subfield code="f">000313-1</marc:subfield><marc:subfield code="z">CONFORME NORMAS CCN</marc:subfield></marc:datafield><marc:datafield tag="947" ind1=" " ind2=" "><marc:subfield code="a">IEB</marc:subfield><marc:subfield code="b">1943 1; 1944 2-5; 1945 6-9; 1947 10; 1948 11; 1949 12-13; 1950 14-16; 1951 17-19; 1952 20; 1955 21; 1957 22; 1958 23; 1966 24; 1969 25; 1970 26-28, NESP; 1972 29-32; 1973 33; 1974 34; 1975 35; 1976 36-37; 1977 38(1-4); 1978 39(1-4); 1979 40(1-4); 1980 41(1-4); 1981 42(1-4); 1982 43(1-4); 1983 44(1-4); 1984 45(1-4); 1985 46(1-4); 1986 47(1-4); 1987 48(1-4); 1988 49(1-4)</marc:subfield><marc:subfield code="c">ND</marc:subfield><marc:subfield code="d">1988</marc:subfield><marc:subfield code="f">000358-1</marc:subfield><marc:subfield code="z">CONFORME NORMAS CCN</marc:subfield></marc:datafield><marc:datafield tag="947" ind1=" " ind2=" "><marc:subfield code="a">MAE</marc:subfield><marc:subfield code="b">1944 (5); 1945 (6-9); 1947-48 (10-11); 1949 (12-13); 1950-51 (14-19); 1952-53 (20-23)</marc:subfield><marc:subfield code="c">NCOR</marc:subfield><marc:subfield code="d">1953</marc:subfield><marc:subfield code="f">000636-X</marc:subfield><marc:subfield code="z">CONFORME NORMAS CCN</marc:subfield></marc:datafield><marc:datafield tag="947" ind1=" " ind2=" "><marc:subfield code="a">MP</marc:subfield><marc:subfield code="b">1943-53 1-5 SUPL,6-20,22; 1955 21; 1958 23; 1966 24; 1970-77 25-27 NESP,28-31 NESP,32-38(3/4); 1979-83 39- 42(1, 3-4);43-44</marc:subfield><marc:subfield code="c">ND</marc:subfield><marc:subfield code="d">1983</marc:subfield><marc:subfield code="f">000366-2</marc:subfield><marc:subfield code="z">CONFORME NORMAS CCN</marc:subfield></marc:datafield></marc:record>