
<marc:record><marc:leader>01350nam a2200313K  450 </marc:leader>
<marc:controlfield tag="005">$$a1997090216540</marc:controlfield>
<marc:controlfield tag="008">910730s1942    bl acfg  bkc  000 0 por d</marc:controlfield><marc:datafield tag="035" ind1=" " ind2=" "><marc:subfield code="a">(OCoLC)ocm24150846</marc:subfield><marc:subfield code="z">901918222</marc:subfield></marc:datafield><marc:datafield tag="040" ind1=" " ind2=" "><marc:subfield code="a">RQL</marc:subfield><marc:subfield code="c">RQL</marc:subfield></marc:datafield><marc:datafield tag="041" ind1="0" ind2=" "><marc:subfield code="a">por</marc:subfield></marc:datafield><marc:datafield tag="044" ind1=" " ind2=" "><marc:subfield code="a">bl</marc:subfield></marc:datafield><marc:datafield tag="092" ind1="0" ind2=" "><marc:subfield code="a">780.9</marc:subfield></marc:datafield><marc:datafield tag="100" ind1="1" ind2=" "><marc:subfield code="a">Andrade, Mário Raul Morais de</marc:subfield><marc:subfield code="d">1893-1945</marc:subfield></marc:datafield><marc:datafield tag="245" ind1="1" ind2="0"><marc:subfield code="a">Pequena história da música</marc:subfield></marc:datafield><marc:datafield tag="250" ind1=" " ind2=" "><marc:subfield code="a">Ed. ilustrada</marc:subfield></marc:datafield><marc:datafield tag="260" ind1=" " ind2=" "><marc:subfield code="a">São Paulo</marc:subfield><marc:subfield code="b">Livraria Martins</marc:subfield><marc:subfield code="c">1942</marc:subfield></marc:datafield><marc:datafield tag="300" ind1=" " ind2=" "><marc:subfield code="a">286 p, 1 ¾</marc:subfield><marc:subfield code="b">front., illus. (music) plates, ports., facsims. (incl. music)</marc:subfield><marc:subfield code="c">21 cm</marc:subfield></marc:datafield><marc:datafield tag="490" ind1="0" ind2=" "><marc:subfield code="a">&quot;A marcha do espírito,&quot;</marc:subfield><marc:subfield code="v">vol. III</marc:subfield></marc:datafield><marc:datafield tag="590" ind1=" " ind2=" "><marc:subfield code="a">O e.1 da BBM possui dedicatória de Mario de Andrade a Edgar Cavalheiro</marc:subfield></marc:datafield><marc:datafield tag="500" ind1=" " ind2=" "><marc:subfield code="a">&quot;Esta Pequena história da música é na realidade una quarta edição do meu Compêndio [de história da música], profundamente refundido em alguns capítulos, apenas modificado e atualizado em outros.&quot;--Advertência</marc:subfield></marc:datafield><marc:datafield tag="504" ind1=" " ind2=" "><marc:subfield code="a">&quot;Principais fontes que serviram as pesquisas dos nomes certos&quot;: p. [185]-186</marc:subfield></marc:datafield><marc:datafield tag="504" ind1=" " ind2=" "><marc:subfield code="a">&quot;Discoteca&quot;: p. [181]-286</marc:subfield></marc:datafield><marc:datafield tag="650" ind1=" " ind2="0"><marc:subfield code="a">Music</marc:subfield><marc:subfield code="x">History and criticism</marc:subfield></marc:datafield><marc:datafield tag="650" ind1=" " ind2="0"><marc:subfield code="a">Sound recordings</marc:subfield><marc:subfield code="x">Catalogs</marc:subfield></marc:datafield><marc:datafield tag="650" ind1=" " ind2="7"><marc:subfield code="a">HISTÓRIA DA MÚSICA</marc:subfield><marc:subfield code="2">larpcal</marc:subfield></marc:datafield><marc:datafield tag="650" ind1=" " ind2="7"><marc:subfield code="a">MÚSICA</marc:subfield><marc:subfield code="2">larpcal</marc:subfield></marc:datafield><marc:datafield tag="700" ind1="1" ind2=" "><marc:subfield code="a">Andrade, Mário de</marc:subfield><marc:subfield code="d">1893-1945</marc:subfield><marc:subfield code="3">Compêndio de história da música</marc:subfield></marc:datafield><marc:datafield tag="730" ind1="2" ind2=" "><marc:subfield code="a">A marcha do espírito. 3</marc:subfield></marc:datafield><marc:datafield tag="945" ind1=" " ind2=" "><marc:subfield code="a">L</marc:subfield><marc:subfield code="b">LIVRO</marc:subfield><marc:subfield code="c">01</marc:subfield></marc:datafield></marc:record>