
<marc:record><marc:leader>01256nam a2200289I  450 </marc:leader>
<marc:controlfield tag="005">$$a1997050612024</marc:controlfield>
<marc:controlfield tag="008">760218s1941    bl af         000 1 por  </marc:controlfield><marc:datafield tag="010" ind1=" " ind2=" "><marc:subfield code="a">42019115</marc:subfield></marc:datafield><marc:datafield tag="035" ind1=" " ind2=" "><marc:subfield code="a">(OCoLC)ocm02000760</marc:subfield><marc:subfield code="z">900253344</marc:subfield></marc:datafield><marc:datafield tag="040" ind1=" " ind2=" "><marc:subfield code="a">DLC</marc:subfield><marc:subfield code="c">ICU</marc:subfield></marc:datafield><marc:datafield tag="041" ind1="0" ind2=" "><marc:subfield code="a">por</marc:subfield></marc:datafield><marc:datafield tag="044" ind1=" " ind2=" "><marc:subfield code="a">bl</marc:subfield></marc:datafield><marc:datafield tag="050" ind1=" " ind2="4"><marc:subfield code="a">PQ9697.A6</marc:subfield><marc:subfield code="b">M4 1941</marc:subfield></marc:datafield><marc:datafield tag="082" ind1="0" ind2=" "><marc:subfield code="a">869.3</marc:subfield></marc:datafield><marc:datafield tag="100" ind1="1" ind2=" "><marc:subfield code="a">Almeida, Manuel Antônio de</marc:subfield><marc:subfield code="d">1831-1861</marc:subfield></marc:datafield><marc:datafield tag="245" ind1="1" ind2="0"><marc:subfield code="a">Memórias de um sargento de milícias</marc:subfield><marc:subfield code="c">Manuel Antônio de Almeida ; introdução de Mário de Andrade ; Ilustrações de F. Acquarone</marc:subfield></marc:datafield><marc:datafield tag="260" ind1=" " ind2=" "><marc:subfield code="a">São Paulo</marc:subfield><marc:subfield code="b">Livraria Martins</marc:subfield><marc:subfield code="c">[1941]</marc:subfield></marc:datafield><marc:datafield tag="300" ind1=" " ind2=" "><marc:subfield code="a">276 p, 1 l</marc:subfield><marc:subfield code="b">il, plates (1 col.) col. front</marc:subfield><marc:subfield code="c">23 1/2 cm</marc:subfield></marc:datafield><marc:datafield tag="490" ind1="0" ind2=" "><marc:subfield code="a">Biblioteca de literatura brasileira</marc:subfield><marc:subfield code="v">1</marc:subfield></marc:datafield><marc:datafield tag="590" ind1=" " ind2=" "><marc:subfield code="a">O exemplar da BBM foi digitalizado em 2010. Trata-se de um livro com tiragem de 2200 exemp. + 200 exem. numerados; exemp. 82</marc:subfield></marc:datafield><marc:datafield tag="590" ind1=" " ind2=" "><marc:subfield code="a">Os exemplares da Coleção Mário de Andrade contém marginália (na Biblioteca do IEB)</marc:subfield></marc:datafield><marc:datafield tag="650" ind1=" " ind2="7"><marc:subfield code="a">ROMANCE</marc:subfield><marc:subfield code="z">BRASIL</marc:subfield><marc:subfield code="2">larpcal</marc:subfield></marc:datafield><marc:datafield tag="650" ind1=" " ind2="7"><marc:subfield code="a">LITERATURA BRASILEIRA</marc:subfield><marc:subfield code="2">larpcal</marc:subfield></marc:datafield><marc:datafield tag="700" ind1="1" ind2=" "><marc:subfield code="a">Acquarone, Francisco</marc:subfield><marc:subfield code="d">1898-</marc:subfield><marc:subfield code="4">il</marc:subfield></marc:datafield><marc:datafield tag="700" ind1="1" ind2=" "><marc:subfield code="a">Andrade, Mário de</marc:subfield><marc:subfield code="d">1893-1945</marc:subfield><marc:subfield code="4">intr</marc:subfield></marc:datafield><marc:datafield tag="856" ind1="4" ind2="1"><marc:subfield code="z">Clique aqui para ter acesso à obra na BBM Digital</marc:subfield><marc:subfield code="u">https://digital.bbm.usp.br/handle/bbm/1601</marc:subfield></marc:datafield><marc:datafield tag="945" ind1=" " ind2=" "><marc:subfield code="a">L</marc:subfield><marc:subfield code="b">LIVRO</marc:subfield><marc:subfield code="c">01</marc:subfield></marc:datafield></marc:record>