
<marc:record><marc:leader>00766nam a2200205Ia 4500</marc:leader>
<marc:controlfield tag="005">20180712101400.0</marc:controlfield>
<marc:controlfield tag="008">870506s1940    bl            000 0 por d</marc:controlfield><marc:datafield tag="035" ind1=" " ind2=" "><marc:subfield code="z">902937224</marc:subfield></marc:datafield><marc:datafield tag="040" ind1=" " ind2=" "><marc:subfield code="a">USP/SIBI</marc:subfield></marc:datafield><marc:datafield tag="041" ind1="0" ind2=" "><marc:subfield code="a">por</marc:subfield></marc:datafield><marc:datafield tag="044" ind1=" " ind2=" "><marc:subfield code="a">bl</marc:subfield></marc:datafield><marc:datafield tag="100" ind1="1" ind2=" "><marc:subfield code="a">Andrade, Mario de</marc:subfield><marc:subfield code="d">1893-1945</marc:subfield></marc:datafield><marc:datafield tag="245" ind1="1" ind2="2"><marc:subfield code="a">A expressão musical dos Estados Unidos</marc:subfield></marc:datafield><marc:datafield tag="260" ind1=" " ind2=" "><marc:subfield code="a">Rio de Janeiro</marc:subfield><marc:subfield code="b">[Leuzinger]</marc:subfield><marc:subfield code="c">[1940]</marc:subfield></marc:datafield><marc:datafield tag="300" ind1=" " ind2=" "><marc:subfield code="a">26 p</marc:subfield><marc:subfield code="c">16 x 23 cm</marc:subfield></marc:datafield><marc:datafield tag="490" ind1="0" ind2=" "><marc:subfield code="a">Lições da vida americana</marc:subfield><marc:subfield code="v">3</marc:subfield></marc:datafield><marc:datafield tag="500" ind1=" " ind2=" "><marc:subfield code="a">&quot;No dia 12 de dezembro de 1940, no auditorio da Associação Brasileira de Imprensa, realizou-se a conferencia, do sr. Mario de Andrade, agora publicada&quot; (p.8)</marc:subfield></marc:datafield><marc:datafield tag="590" ind1=" " ind2=" "><marc:subfield code="a">O exemplar 1 da BBM possui dedicatória de autoria desconhecida</marc:subfield></marc:datafield><marc:datafield tag="650" ind1=" " ind2="7"><marc:subfield code="a">MÚSICA</marc:subfield><marc:subfield code="z">ESTADOS UNIDOS</marc:subfield><marc:subfield code="2">larpcal</marc:subfield></marc:datafield><marc:datafield tag="945" ind1=" " ind2=" "><marc:subfield code="a">L</marc:subfield><marc:subfield code="b">FOLHETO</marc:subfield><marc:subfield code="c">17</marc:subfield></marc:datafield></marc:record>