
<marc:record><marc:leader>01089nam a2200265I  450 </marc:leader>
<marc:controlfield tag="005">$$a1997051606550</marc:controlfield>
<marc:controlfield tag="008">790523s1934    xx            000 0 por  </marc:controlfield><marc:datafield tag="010" ind1=" " ind2=" "><marc:subfield code="a">38032258</marc:subfield></marc:datafield><marc:datafield tag="035" ind1=" " ind2=" "><marc:subfield code="a">(OCoLC)ocm04994793</marc:subfield><marc:subfield code="z">902946341</marc:subfield></marc:datafield><marc:datafield tag="040" ind1=" " ind2=" "><marc:subfield code="a">DLC</marc:subfield><marc:subfield code="c">DLM</marc:subfield></marc:datafield><marc:datafield tag="041" ind1="0" ind2=" "><marc:subfield code="a">por</marc:subfield></marc:datafield><marc:datafield tag="044" ind1=" " ind2=" "><marc:subfield code="a">bl</marc:subfield></marc:datafield><marc:datafield tag="050" ind1=" " ind2="0"><marc:subfield code="a">PQ9697.A72</marc:subfield><marc:subfield code="b">B4</marc:subfield></marc:datafield><marc:datafield tag="100" ind1="1" ind2=" "><marc:subfield code="a">Andrade, Mário de</marc:subfield><marc:subfield code="d">1893-1945</marc:subfield></marc:datafield><marc:datafield tag="245" ind1="1" ind2="4"><marc:subfield code="a">Belazarte</marc:subfield><marc:subfield code="b">(contos)</marc:subfield><marc:subfield code="c">Mario de Andrade ; capa de Joaquim Alves</marc:subfield></marc:datafield><marc:datafield tag="260" ind1=" " ind2=" "><marc:subfield code="a">São Paulo</marc:subfield><marc:subfield code="b">Editora Piratininga</marc:subfield><marc:subfield code="c">1934</marc:subfield></marc:datafield><marc:datafield tag="300" ind1=" " ind2=" "><marc:subfield code="a">152 p</marc:subfield><marc:subfield code="c">19 cm</marc:subfield></marc:datafield><marc:datafield tag="590" ind1=" " ind2=" "><marc:subfield code="a">No exemplar 3 da BBM (coleção RBM) BBM, há uma dedicatória de Mário de Andrade a Rubens Borba de Morais</marc:subfield></marc:datafield><marc:datafield tag="500" ind1=" " ind2=" "><marc:subfield code="a">&quot;Edição de mil exemplares&quot;</marc:subfield></marc:datafield><marc:datafield tag="505" ind1="0" ind2=" "><marc:subfield code="a">Caím, Caím e o resto -- Piá não sofre? Sofre --Tumulo, tumulo, tumulo -- Caso em que entra bugre -- Menina de ôlho no fundo -- Jaburú malandro -- Nizia Figueira, sua criada</marc:subfield></marc:datafield><marc:datafield tag="590" ind1=" " ind2=" "><marc:subfield code="a">No exemplar 2 da BBM, há uma dedicatória de Mário de Andrade a Pedro Nava</marc:subfield></marc:datafield><marc:datafield tag="650" ind1=" " ind2="7"><marc:subfield code="a">LITERATURA BRASILEIRA</marc:subfield><marc:subfield code="2">larpcal</marc:subfield></marc:datafield><marc:datafield tag="650" ind1=" " ind2="7"><marc:subfield code="a">CONTO</marc:subfield><marc:subfield code="z">BRASIL</marc:subfield><marc:subfield code="2">larpcal</marc:subfield></marc:datafield><marc:datafield tag="700" ind1="1" ind2=" "><marc:subfield code="a">Alves, Joaquim</marc:subfield><marc:subfield code="4">il</marc:subfield></marc:datafield><marc:datafield tag="945" ind1=" " ind2=" "><marc:subfield code="a">L</marc:subfield><marc:subfield code="b">LIVRO</marc:subfield><marc:subfield code="c">01</marc:subfield></marc:datafield></marc:record>