
<marc:record><marc:leader>00648nam a2200229I  450 </marc:leader>
<marc:controlfield tag="005">$$a1997050613273</marc:controlfield>
<marc:controlfield tag="008">770720s1933    bl g          001 0 por  </marc:controlfield><marc:datafield tag="010" ind1=" " ind2=" "><marc:subfield code="a">59058412</marc:subfield></marc:datafield><marc:datafield tag="035" ind1=" " ind2=" "><marc:subfield code="a">(OCoLC)ocm03129682</marc:subfield><marc:subfield code="z">900322226</marc:subfield></marc:datafield><marc:datafield tag="040" ind1=" " ind2=" "><marc:subfield code="a">DLC</marc:subfield><marc:subfield code="c">AZU</marc:subfield><marc:subfield code="d">AZU</marc:subfield></marc:datafield><marc:datafield tag="041" ind1="0" ind2=" "><marc:subfield code="a">por</marc:subfield></marc:datafield><marc:datafield tag="044" ind1=" " ind2=" "><marc:subfield code="a">bl</marc:subfield></marc:datafield><marc:datafield tag="050" ind1="0" ind2=" "><marc:subfield code="a">ML160</marc:subfield><marc:subfield code="b">.A59 1933</marc:subfield></marc:datafield><marc:datafield tag="100" ind1="1" ind2=" "><marc:subfield code="a">Andrade, Mário de</marc:subfield><marc:subfield code="d">1893-1945</marc:subfield></marc:datafield><marc:datafield tag="245" ind1="1" ind2="0"><marc:subfield code="a">Compendio de historia da musica</marc:subfield></marc:datafield><marc:datafield tag="250" ind1=" " ind2=" "><marc:subfield code="a">2. ed</marc:subfield></marc:datafield><marc:datafield tag="260" ind1=" " ind2=" "><marc:subfield code="a">São Paulo</marc:subfield><marc:subfield code="b">[L. G. Miranda]</marc:subfield><marc:subfield code="c">1933</marc:subfield></marc:datafield><marc:datafield tag="300" ind1=" " ind2=" "><marc:subfield code="a">211, xvii p</marc:subfield><marc:subfield code="b">music</marc:subfield><marc:subfield code="c">24 cm</marc:subfield></marc:datafield><marc:datafield tag="650" ind1=" " ind2="0"><marc:subfield code="a">Music</marc:subfield><marc:subfield code="x">History and criticism</marc:subfield></marc:datafield><marc:datafield tag="650" ind1=" " ind2="7"><marc:subfield code="a">HISTÓRIA DA MÚSICA</marc:subfield><marc:subfield code="2">larpcal</marc:subfield></marc:datafield><marc:datafield tag="945" ind1=" " ind2=" "><marc:subfield code="a">L</marc:subfield><marc:subfield code="b">LIVRO</marc:subfield><marc:subfield code="c">01</marc:subfield></marc:datafield><marc:datafield tag="949" ind1=" " ind2=" "><marc:subfield code="t">100</marc:subfield><marc:subfield code="a">Andrade, Mario De</marc:subfield></marc:datafield></marc:record>